timestamp,t,pp,ml,e,tk,ts,ls,ti,c,ft,v,oi,ltq,tbq,tsq,bp1,sp1,bp2,sp2,bp3,sp3,bp4,sp4,bp5,sp5,bq1,sq1,bq2,sq2,bq3,sq3,bq4,sq4,bq5,sq5,bo1,so1,bo2,so2,bo3,so3,bo4,so4,bo5,so5,52h,52l,uc,lc,lp,pc,o,h,l,ap,ltt,_id
2023-08-11 15:41:08.400827,dk,2,1,MCX,253460,CRUDEOIL21AUG23,100,1.00,6873.00,1691748668,5493,6665,1,698,425,6880.00,6882.00,6879.00,6883.00,6878.00,6884.00,6877.00,6885.00,6876.00,6886.00,7,4,26,8,11,13,20,14,14,8,6,4,9,6,8,8,7,9,8,7,7028.00,5574.00,7147.00,6599.00,6881.00,0.12,6862.00,6883.00,6814.00,6852.70,15:41:04,
2023-08-11 15:41:14.618105,df,,,MCX,253460,,,,,1691748674,5495,,,,424,,,,,,,,,,,,2,,6,,13,,,,,,2,,4,,8,,,,,,,,,6882.00,0.13,,,,6852.71,15:41:14,
2023-08-11 15:41:17.363021,dk,2,1,MCX,253460,CRUDEOIL21AUG23,100,1.00,6873.00,1691748676,5497,6667,1,705,424,6881.00,6883.00,6880.00,6884.00,6879.00,6885.00,6878.00,6886.00,6877.00,6887.00,25,2,9,12,9,14,24,15,10,5,8,2,7,7,5,9,10,11,6,4,7028.00,5574.00,7147.00,6599.00,6882.00,0.13,6862.00,6883.00,6814.00,6852.72,15:41:16,
2023-08-11 15:41:31.072991,df,,,MCX,253460,,,,,1691748691,5503,,1,682,456,6879.00,6880.00,6878.00,6881.00,6877.00,6882.00,6876.00,6883.00,6875.00,6884.00,,13,14,8,,13,12,9,15,,,8,8,6,5,8,7,8,10,9,,,,,6880.00,0.10,,,,6852.76,15:41:30,
2023-08-11 15:41:31.074990,df,,,MCX,253460,,,,,1691748691,5503,,1,682,456,6879.00,6880.00,6878.00,6881.00,6877.00,6882.00,6876.00,6883.00,6875.00,6884.00,,13,14,8,,13,12,9,15,,,8,8,6,5,8,7,8,10,9,,,,,6880.00,0.10,,,,6852.76,15:41:30,
2023-08-11 15:41:34.823081,df,,,MCX,253460,,,,,1691748694,5504,6666,,675,456,6878.00,6879.00,6877.00,6880.00,6876.00,6881.00,6875.00,6882.00,6874.00,6883.00,11,6,20,13,12,6,14,13,19,8,6,4,6,8,7,4,9,10,,7,,,,,6879.00,0.09,,,,,15:41:34,
2023-08-11 15:41:34.825082,df,,,MCX,253460,,,,,1691748694,5504,6666,,675,456,6878.00,6879.00,6877.00,6880.00,6876.00,6881.00,6875.00,6882.00,6874.00,6883.00,11,6,20,13,12,6,14,13,19,8,6,4,6,8,7,4,9,10,,7,,,,,6879.00,0.09,,,,,15:41:34,
2023-08-11 15:41:46.074193,df,,,MCX,253460,,,,,1691748706,5505,,,,468,6876.00,,6875.00,,6874.00,,6873.00,,6872.00,,27,10,9,,11,,24,14,6,12,9,9,7,,7,,11,7,5,9,,,,,6877.00,0.06,,,,,15:41:46,
2023-08-11 15:41:46.077188,df,,,MCX,253460,,,,,1691748706,5505,,,,468,6876.00,,6875.00,,6874.00,,6873.00,,6872.00,,27,10,9,,11,,24,14,6,12,9,9,7,,7,,11,7,5,9,,,,,6877.00,0.06,,,,,15:41:46,
2023-08-11 15:41:49.199223,df,,,MCX,253460,,,,,1691748709,5517,6678,,666,457,6877.00,6879.00,6876.00,6880.00,6875.00,6881.00,6874.00,6882.00,6873.00,6883.00,12,6,17,10,7,13,11,10,23,10,7,4,,7,5,6,7,7,10,,,,,,6878.00,0.07,,,,6852.82,15:41:49,
2023-08-11 15:41:49.205221,df,,,MCX,253460,,,,,1691748709,5517,6678,,666,457,6877.00,6879.00,6876.00,6880.00,6875.00,6881.00,6874.00,6882.00,6873.00,6883.00,12,6,17,10,7,13,11,10,23,10,7,4,,7,5,6,7,7,10,,,,,,6878.00,0.07,,,,6852.82,15:41:49,
2023-08-11 15:42:25.765588,df,,,MCX,253460,,,,,1691748745,5527,6678,,668,,6877.00,,6876.00,,6875.00,,6874.00,,6873.00,,8,7,20,15,7,15,9,15,23,11,4,7,6,12,5,7,,11,10,9,,,,,6876.00,0.04,,,,6852.87,15:42:25,
2023-08-11 15:42:25.767586,df,,,MCX,253460,,,,,1691748745,5527,6678,,668,,6877.00,,6876.00,,6875.00,,6874.00,,6873.00,,8,7,20,15,7,15,9,15,23,11,4,7,6,12,5,7,,11,10,9,,,,,6876.00,0.04,,,,6852.87,15:42:25,
2023-08-11 15:42:33.894202,df,,,MCX,253460,,,,,1691748753,5528,6679,,676,467,6877.00,6878.00,6876.00,6879.00,6875.00,6880.00,6874.00,6881.00,6873.00,6882.00,,9,3,14,23,14,20,15,10,18,,6,3,13,7,,,,6,13,,,,,6877.00,0.06,,,,,15:42:33,
2023-08-11 15:42:33.897201,df,,,MCX,253460,,,,,1691748753,5528,6679,,676,467,6877.00,6878.00,6876.00,6879.00,6875.00,6880.00,6874.00,6881.00,6873.00,6882.00,,9,3,14,23,14,20,15,10,18,,6,3,13,7,,,,6,13,,,,,6877.00,0.06,,,,,15:42:33,
2023-08-11 15:42:34.321390,df,,,MCX,253460,,,,,1691748754,5533,6681,,688,448,6878.00,6879.00,6877.00,6880.00,6876.00,6881.00,6875.00,6882.00,6874.00,6883.00,16,1,23,8,18,9,7,22,,23,4,1,7,6,5,5,5,16,,14,,,,,6878.00,0.07,,,,6852.89,,
2023-08-11 15:42:34.323390,df,,,MCX,253460,,,,,1691748754,5533,6681,,688,448,6878.00,6879.00,6877.00,6880.00,6876.00,6881.00,6875.00,6882.00,6874.00,6883.00,16,1,23,8,18,9,7,22,,23,4,1,7,6,5,5,5,16,,14,,,,,6878.00,0.07,,,,6852.89,,
2023-08-11 15:42:42.736211,df,,,MCX,253460,,,,,1691748762,5538,,,707,449,6879.00,6880.00,6878.00,6881.00,6877.00,6882.00,6876.00,6883.00,6875.00,6884.00,19,2,19,8,,15,9,28,17,13,,2,,,,10,5,15,,12,,,,,6879.00,0.09,,,,,15:42:42,
2023-08-11 15:42:42.738209,df,,,MCX,253460,,,,,1691748762,5538,,,707,449,6879.00,6880.00,6878.00,6881.00,6877.00,6882.00,6876.00,6883.00,6875.00,6884.00,19,2,19,8,,15,9,28,17,13,,2,,,,10,5,15,,12,,,,,6879.00,0.09,,,,,15:42:42,
2023-08-11 15:42:44.736866,df,,,MCX,253460,,,,,1691748764,5542,6678,,690,411,6879.00,6881.00,6878.00,6882.00,6877.00,6883.00,6876.00,6884.00,6875.00,6885.00,5,6,26,15,10,,9,11,16,14,3,6,7,11,6,14,5,11,,10,,,,,6880.00,0.10,,,,6852.93,15:42:44,
2023-08-11 15:42:44.739862,df,,,MCX,253460,,,,,1691748764,5542,6678,,690,411,6879.00,6881.00,6878.00,6882.00,6877.00,6883.00,6876.00,6884.00,6875.00,6885.00,5,6,26,15,10,,9,11,16,14,3,6,7,11,6,14,5,11,,10,,,,,6880.00,0.10,,,,6852.93,15:42:44,
2023-08-11 15:42:46.545257,df,,,MCX,253460,,,,,1691748766,5543,6679,,704,449,6879.00,6880.00,6878.00,6881.00,6877.00,6882.00,6876.00,6883.00,6875.00,6884.00,17,3,22,7,16,16,9,27,17,14,3,,7,6,5,11,5,14,6,13,,,,,6879.00,0.09,,,,6852.94,15:42:46,
2023-08-11 15:42:46.547254,df,,,MCX,253460,,,,,1691748766,5543,6679,,704,449,6879.00,6880.00,6878.00,6881.00,6877.00,6882.00,6876.00,6883.00,6875.00,6884.00,17,3,22,7,16,16,9,27,17,14,3,,7,6,5,11,5,14,6,13,,,,,6879.00,0.09,,,,6852.94,15:42:46,
2023-08-11 15:43:00.983817,df,,,MCX,253460,,,,,1691748780,5564,6685,,668,463,6877.00,6879.00,6876.00,6880.00,6875.00,6881.00,6874.00,6882.00,6873.00,6883.00,27,3,6,20,9,11,16,13,10,22,8,2,5,12,5,10,6,10,6,14,,,,,6877.00,0.06,,,,6853.04,15:43:00,
2023-08-11 15:43:00.985816,df,,,MCX,253460,,,,,1691748780,5564,6685,,668,463,6877.00,6879.00,6876.00,6880.00,6875.00,6881.00,6874.00,6882.00,6873.00,6883.00,27,3,6,20,9,11,16,13,10,22,8,2,5,12,5,10,6,10,6,14,,,,,6877.00,0.06,,,,6853.04,15:43:00,
2023-08-11 15:43:07.329977,df,,,MCX,253460,,,,,1691748787,5566,6686,,671,466,,6879.00,,6880.00,,6881.00,,6882.00,,6883.00,3,3,,17,,13,,16,,22,2,1,,12,,9,,11,,,,,,,6878.00,0.07,,,,6853.05,15:43:07,
2023-08-11 15:43:07.331972,df,,,MCX,253460,,,,,1691748787,5566,6686,,671,466,,6879.00,,6880.00,,6881.00,,6882.00,,6883.00,3,3,,17,,13,,16,,22,2,1,,12,,9,,11,,,,,,,6878.00,0.07,,,,6853.05,15:43:07,
2023-08-11 15:43:11.813011,df,,,MCX,253460,,,,,1691748791,5588,6692,,671,463,,6879.00,,6880.00,,6881.00,,6882.00,,6883.00,13,8,26,10,8,20,,16,6,,4,7,6,6,,11,,12,5,,,,,,6879.00,0.09,,,,6853.14,15:43:11,
2023-08-11 15:43:11.816004,df,,,MCX,253460,,,,,1691748791,5588,6692,,671,463,,6879.00,,6880.00,,6881.00,,6882.00,,6883.00,13,8,26,10,8,20,,16,6,,4,7,6,6,,11,,12,5,,,,,,6879.00,0.09,,,,6853.14,15:43:11,
2023-08-11 15:43:23.834427,df,,,MCX,253460,,,,,1691748803,5589,,,670,452,,,,,,,,,,,26,,,13,,,,,,,7,,,9,,,,,,,,,,,6877.00,0.06,,,,6853.15,15:43:23,
2023-08-11 15:43:23.837431,df,,,MCX,253460,,,,,1691748803,5589,,,670,452,,,,,,,,,,,26,,,13,,,,,,,7,,,9,,,,,,,,,,,6877.00,0.06,,,,6853.15,15:43:23,
2023-08-11 15:43:31.080630,df,,,MCX,253460,,,,,1691748811,5590,6693,,675,453,,,,,,,,,,,24,,,12,,,,,,,6,,,10,,,,,,,,,,,6878.00,0.07,,,,,15:43:30,
2023-08-11 15:43:31.082634,df,,,MCX,253460,,,,,1691748811,5590,6693,,675,453,,,,,,,,,,,24,,,12,,,,,,,6,,,10,,,,,,,,,,,6878.00,0.07,,,,,15:43:30,
2023-08-11 15:43:44.063859,df,,,MCX,253460,,,,,1691748823,5599,6700,,691,443,6880.00,6882.00,6879.00,6883.00,6878.00,6884.00,6877.00,6885.00,6876.00,6886.00,31,9,4,14,19,16,13,24,13,15,4,5,3,9,5,15,3,11,9,11,,,,,6881.00,0.12,,,,6853.20,15:43:43,
2023-08-11 15:43:44.066857,df,,,MCX,253460,,,,,1691748823,5599,6700,,691,443,6880.00,6882.00,6879.00,6883.00,6878.00,6884.00,6877.00,6885.00,6876.00,6886.00,31,9,4,14,19,16,13,24,13,15,4,5,3,9,5,15,3,11,9,11,,,,,6881.00,0.12,,,,6853.20,15:43:43,
2023-08-11 15:44:00.173194,df,,,MCX,253460,,,,,1691748840,5600,6699,,697,434,6881.00,,6880.00,,6879.00,,6878.00,,6877.00,,2,4,33,8,11,11,9,22,9,16,2,1,8,6,6,10,5,9,5,12,,,,,6882.00,0.13,,,,,15:44:00,
2023-08-11 15:44:00.176194,df,,,MCX,253460,,,,,1691748840,5600,6699,,697,434,6881.00,,6880.00,,6879.00,,6878.00,,6877.00,,2,4,33,8,11,11,9,22,9,16,2,1,8,6,6,10,5,9,5,12,,,,,6882.00,0.13,,,,,15:44:00,
2023-08-11 15:44:03.112810,df,,,MCX,253460,,,,,1691748842,5612,6698,1,703,421,,,,,,,,,,,,,20,10,,13,,,,,,,8,5,,9,,,,,,,,,6885.00,0.17,,6885.00,,6853.27,15:44:02,
2023-08-11 15:44:03.114809,df,,,MCX,253460,,,,,1691748842,5612,6698,1,703,421,,,,,,,,,,,,,20,10,,13,,,,,,,8,5,,9,,,,,,,,,6885.00,0.17,,6885.00,,6853.27,15:44:02,
2023-08-11 15:44:05.146554,df,,,MCX,253460,,,,,1691748845,5614,,,708,426,6883.00,6885.00,6882.00,6886.00,6881.00,6887.00,6880.00,6888.00,6879.00,6889.00,7,6,25,15,18,26,9,28,18,9,4,4,8,11,6,14,,19,5,8,,,,,6884.00,0.16,,,,6853.28,15:44:05,
2023-08-11 15:44:05.148552,df,,,MCX,253460,,,,,1691748845,5614,,,708,426,6883.00,6885.00,6882.00,6886.00,6881.00,6887.00,6880.00,6888.00,6879.00,6889.00,7,6,25,15,18,26,9,28,18,9,4,4,8,11,6,14,,19,5,8,,,,,6884.00,0.16,,,,6853.28,15:44:05,
2023-08-11 15:44:07.332238,df,,,MCX,253460,,,,,1691748847,5615,,,,432,,,,,,,,,,,,10,,,,,,,,,,,,,,,,,,,,,,,6885.00,0.17,,,,,15:44:07,
2023-08-11 15:44:07.335239,df,,,MCX,253460,,,,,1691748847,5615,,,,432,,,,,,,,,,,,10,,,,,,,,,,,,,,,,,,,,,,,6885.00,0.17,,,,,15:44:07,
2023-08-11 15:44:11.708383,df,,,MCX,253460,,,,,1691748851,5617,6699,,,432,,,,,,,,,,,,9,,,,21,,25,,,3,6,,,,9,,16,,,,,,,6883.00,0.15,,,,,15:44:11,
2023-08-11 15:44:11.710708,df,,,MCX,253460,,,,,1691748851,5617,6699,,,432,,,,,,,,,,,,9,,,,21,,25,,,3,6,,,,9,,16,,,,,,,6883.00,0.15,,,,,15:44:11,
2023-08-11 15:44:14.949125,df,,,MCX,253460,,,,,1691748854,5618,6698,,682,430,6882.00,6884.00,6881.00,6885.00,6880.00,6886.00,6879.00,6887.00,6878.00,6888.00,21,3,7,11,9,10,20,15,8,14,6,2,6,7,5,5,7,7,4,12,,,,,6884.00,0.16,,,,6853.30,15:44:14,
2023-08-11 15:44:14.963117,df,,,MCX,253460,,,,,1691748854,5618,6698,,682,430,6882.00,6884.00,6881.00,6885.00,6880.00,6886.00,6879.00,6887.00,6878.00,6888.00,21,3,7,11,9,10,20,15,8,14,6,2,6,7,5,5,7,7,4,12,,,,,6884.00,0.16,,,,6853.30,15:44:14,
2023-08-11 15:44:16.755399,df,,,MCX,253460,,,,,1691748856,5623,6693,3,683,452,6881.00,6883.00,6880.00,6884.00,6879.00,6885.00,6878.00,6886.00,6877.00,6887.00,24,7,11,14,10,24,18,10,13,10,9,4,7,,6,13,5,5,9,5,,,,,6883.00,0.15,,,,6853.33,15:44:16,
2023-08-11 15:44:16.772388,df,,,MCX,253460,,,,,1691748856,5623,6693,3,683,452,6881.00,6883.00,6880.00,6884.00,6879.00,6885.00,6878.00,6886.00,6877.00,6887.00,24,7,11,14,10,24,18,10,13,10,9,4,7,,6,13,5,5,9,5,,,,,6883.00,0.15,,,,6853.33,15:44:16,
2023-08-11 15:44:37.023506,df,,,MCX,253460,,,,,1691748876,5626,6694,,694,,,,,,,,,,,,8,,,,,,,,,,4,,,,,,,,,,,,,,6882.00,0.13,,,,,15:44:36,
2023-08-11 15:44:37.025502,df,,,MCX,253460,,,,,1691748876,5626,6694,,694,,,,,,,,,,,,8,,,,,,,,,,4,,,,,,,,,,,,,,6882.00,0.13,,,,,15:44:36,
2023-08-11 15:44:53.253076,df,,,MCX,253460,,,,,1691748893,5655,6701,5,696,430,,6885.00,,6886.00,,6887.00,,6888.00,,6889.00,27,12,17,15,5,19,,19,10,9,7,9,6,10,4,10,,14,6,8,,,,,6883.00,0.15,,,,6853.49,15:44:52,
2023-08-11 15:44:53.254075,df,,,MCX,253460,,,,,1691748893,5655,6701,5,696,430,,6885.00,,6886.00,,6887.00,,6888.00,,6889.00,27,12,17,15,5,19,,19,10,9,7,9,6,10,4,10,,14,6,8,,,,,6883.00,0.15,,,,6853.49,15:44:52,
2023-08-11 15:45:02.267725,df,,,MCX,253460,,,,,1691748902,5660,6703,1,714,422,6885.00,6886.00,6884.00,6887.00,6883.00,6888.00,6882.00,6889.00,6881.00,6890.00,15,3,23,9,20,23,6,12,4,6,2,2,7,4,6,13,4,11,3,5,,,,,6885.00,0.17,,,,6853.52,15:45:01,
2023-08-11 15:45:02.269724,df,,,MCX,253460,,,,,1691748902,5660,6703,1,714,422,6885.00,6886.00,6884.00,6887.00,6883.00,6888.00,6882.00,6889.00,6881.00,6890.00,15,3,23,9,20,23,6,12,4,6,2,2,7,4,6,13,4,11,3,5,,,,,6885.00,0.17,,,,6853.52,15:45:01,
2023-08-11 15:45:06.284837,df,,,MCX,253460,,,,,1691748906,5667,6703,,669,462,6881.00,6884.00,6880.00,6885.00,6879.00,6886.00,6878.00,6887.00,6877.00,6888.00,26,13,6,16,10,21,11,12,10,16,7,7,5,9,6,10,7,7,6,10,,,,,6882.00,0.13,,,,6853.56,15:45:06,
2023-08-11 15:45:06.286837,df,,,MCX,253460,,,,,1691748906,5667,6703,,669,462,6881.00,6884.00,6880.00,6885.00,6879.00,6886.00,6878.00,6887.00,6877.00,6888.00,26,13,6,16,10,21,11,12,10,16,7,7,5,9,6,10,7,7,6,10,,,,,6882.00,0.13,,,,6853.56,15:45:06,
2023-08-11 15:45:22.433012,df,,,MCX,253460,,,,,1691748922,5672,6703,2,,460,,,,,,,,,,,,9,,,,,,,,,,5,,,,,,,,,,,,,6884.00,0.16,,,,6853.58,15:45:22,
2023-08-11 15:45:22.436015,df,,,MCX,253460,,,,,1691748922,5672,6703,2,,460,,,,,,,,,,,,9,,,,,,,,,,5,,,,,,,,,,,,,6884.00,0.16,,,,6853.58,15:45:22,
2023-08-11 15:45:24.928435,df,,,MCX,253460,,,,,1691748924,5674,6702,,,467,,,,,,,,,,,,1,,,,,,,,,,1,,,,,,,,,,,,,6883.00,0.15,,,,,15:45:24,
2023-08-11 15:45:24.930443,df,,,MCX,253460,,,,,1691748924,5674,6702,,,467,,,,,,,,,,,,1,,,,,,,,,,1,,,,,,,,,,,,,6883.00,0.15,,,,,15:45:24,
2023-08-11 15:45:29.940532,df,,,MCX,253460,,,,,1691748929,5678,6701,,684,467,6882.00,6883.00,6881.00,6884.00,6880.00,6885.00,6879.00,6886.00,6878.00,6887.00,3,2,26,15,10,27,9,,,11,2,1,7,8,7,12,5,8,,6,,,,,6882.00,0.13,,,,6853.61,15:45:29,
2023-08-11 15:45:29.943530,df,,,MCX,253460,,,,,1691748929,5678,6701,,684,467,6882.00,6883.00,6881.00,6884.00,6880.00,6885.00,6879.00,6886.00,6878.00,6887.00,3,2,26,15,10,27,9,,,11,2,1,7,8,7,12,5,8,,6,,,,,6882.00,0.13,,,,6853.61,15:45:29,
2023-08-11 15:45:37.341567,df,,,MCX,253460,,,,,1691748937,5679,6702,,699,,,6884.00,,6885.00,,6886.00,,6887.00,,6888.00,18,7,,21,,21,,11,,17,8,5,,14,,10,,6,,11,,,,,6883.00,0.15,,,,6853.62,15:45:37,
2023-08-11 15:45:37.342836,df,,,MCX,253460,,,,,1691748937,5679,6702,,699,,,6884.00,,6885.00,,6886.00,,6887.00,,6888.00,18,7,,21,,21,,11,,17,8,5,,14,,10,,6,,11,,,,,6883.00,0.15,,,,6853.62,15:45:37,
2023-08-11 15:45:39.569592,df,,,MCX,253460,,,,,1691748939,5681,6703,,686,464,,,,,,,,,,,2,12,28,20,11,22,9,,19,,2,7,8,13,8,11,5,,6,,,,,,6882.00,0.13,,,,6853.63,15:45:39,
2023-08-11 15:45:39.571589,df,,,MCX,253460,,,,,1691748939,5681,6703,,686,464,,,,,,,,,,,2,12,28,20,11,22,9,,19,,2,7,8,13,8,11,5,,6,,,,,,6882.00,0.13,,,,6853.63,15:45:39,
2023-08-11 15:45:43.978710,df,,,MCX,253460,,,,,1691748943,5684,,,701,432,6883.00,6885.00,6882.00,6886.00,6881.00,6887.00,6880.00,6888.00,6879.00,6889.00,34,1,11,7,5,16,18,25,,13,10,1,8,6,4,,,15,,8,,,,,6885.00,0.17,,,,6853.64,15:45:43,
2023-08-11 15:45:43.980710,df,,,MCX,253460,,,,,1691748943,5684,,,701,432,6883.00,6885.00,6882.00,6886.00,6881.00,6887.00,6880.00,6888.00,6879.00,6889.00,34,1,11,7,5,16,18,25,,13,10,1,8,6,4,,,15,,8,,,,,6885.00,0.17,,,,6853.64,15:45:43,
2023-08-11 15:45:51.093447,df,,,MCX,253460,,,,,1691748951,5691,6700,2,696,441,6882.00,,6881.00,,6880.00,,6879.00,,6878.00,,28,,16,9,9,,19,,9,,9,,5,6,6,,,,5,,,,,,6882.00,0.13,,,,6853.68,15:45:51,
2023-08-11 15:45:51.095445,df,,,MCX,253460,,,,,1691748951,5691,6700,2,696,441,6882.00,,6881.00,,6880.00,,6879.00,,6878.00,,28,,16,9,9,,19,,9,,9,,5,6,6,,,,5,,,,,,6882.00,0.13,,,,6853.68,15:45:51,
2023-08-11 15:45:52.192313,df,,,MCX,253460,,,,,1691748951,5692,,1,688,,,,,,,,,,,,3,,,,5,11,,22,,,3,,,,4,9,,9,,,,,,,6883.00,0.15,,,,6853.69,,
2023-08-11 15:45:52.194308,df,,,MCX,253460,,,,,1691748951,5692,,1,688,,,,,,,,,,,,3,,,,5,11,,22,,,3,,,,4,9,,9,,,,,,,6883.00,0.15,,,,6853.69,,
2023-08-11 15:45:57.357102,df,,,MCX,253460,,,,,1691748957,5695,6698,,683,453,6882.00,6883.00,6881.00,6884.00,6880.00,6885.00,6879.00,6886.00,6878.00,6887.00,2,,,12,10,23,19,10,9,10,2,,,7,7,11,,8,5,5,,,,,6882.00,0.13,,,,6853.70,15:45:57,
2023-08-11 15:45:57.359101,df,,,MCX,253460,,,,,1691748957,5695,6698,,683,453,6882.00,6883.00,6881.00,6884.00,6880.00,6885.00,6879.00,6886.00,6878.00,6887.00,2,,,12,10,23,19,10,9,10,2,,,7,7,11,,8,5,5,,,,,6882.00,0.13,,,,6853.70,15:45:57,
2023-08-11 15:46:11.999364,df,,,MCX,253460,,,,,1691748971,5703,6701,,681,,,,,,,,,,,,27,,,11,,11,,,,,8,,,8,,7,,,,,,,,,6881.00,0.12,,,,6853.74,15:46:11,
2023-08-11 15:46:12.002363,df,,,MCX,253460,,,,,1691748971,5703,6701,,681,,,,,,,,,,,,27,,,11,,11,,,,,8,,,8,,7,,,,,,,,,6881.00,0.12,,,,6853.74,15:46:11,
2023-08-11 15:46:13.917182,df,,,MCX,253460,,,,,1691748973,5704,,,687,432,6883.00,6884.00,6882.00,6885.00,6881.00,6886.00,6880.00,6887.00,6879.00,6888.00,12,,17,10,4,13,9,22,9,15,4,,3,9,3,11,,9,5,13,,,,,6883.00,0.15,,,,,15:46:13,
2023-08-11 15:46:13.918181,df,,,MCX,253460,,,,,1691748973,5704,,,687,432,6883.00,6884.00,6882.00,6885.00,6881.00,6886.00,6880.00,6887.00,6879.00,6888.00,12,,17,10,4,13,9,22,9,15,4,,3,9,3,11,,9,5,13,,,,,6883.00,0.15,,,,,15:46:13,
2023-08-11 15:46:27.070725,df,,,MCX,253460,,,,,1691748986,5707,,3,,450,,,,,,,,,,,,4,,5,,8,,15,,21,,,,4,,6,,10,,11,,,,,6882.00,0.13,,,,6853.76,15:46:26,
2023-08-11 15:46:27.072724,df,,,MCX,253460,,,,,1691748986,5707,,3,,450,,,,,,,,,,,,4,,5,,8,,15,,21,,,,4,,6,,10,,11,,,,,6882.00,0.13,,,,6853.76,15:46:26,
2023-08-11 15:46:46.495477,df,,,MCX,253460,,,,,1691749006,5709,6702,,697,,,,,,,,,,,,,,21,6,,13,,13,,,,,9,5,,10,,8,,,,,,,6881.00,0.12,,,,6853.77,15:46:46,
2023-08-11 15:46:46.498476,df,,,MCX,253460,,,,,1691749006,5709,6702,,697,,,,,,,,,,,,,,21,6,,13,,13,,,,,9,5,,10,,8,,,,,,,6881.00,0.12,,,,6853.77,15:46:46,
2023-08-11 15:46:50.308557,df,,,MCX,253460,,,,,1691749010,5716,6699,,666,467,6880.00,6881.00,6879.00,6882.00,6878.00,6883.00,6877.00,6884.00,6876.00,6885.00,3,2,28,18,5,14,8,19,19,10,2,1,9,7,4,9,,10,6,5,,,,,6880.00,0.10,,,,6853.80,15:46:50,
2023-08-11 15:46:50.310555,df,,,MCX,253460,,,,,1691749010,5716,6699,,666,467,6880.00,6881.00,6879.00,6882.00,6878.00,6883.00,6877.00,6884.00,6876.00,6885.00,3,2,28,18,5,14,8,19,19,10,2,1,9,7,4,9,,10,6,5,,,,,6880.00,0.10,,,,6853.80,15:46:50,
2023-08-11 15:47:02.378859,df,,,MCX,253460,,,,,1691749022,5727,6703,2,,463,,,,,,,,,,,,2,,,,,,,,,,2,,,,,,,,,,,,,6881.00,0.12,,,,6853.85,15:47:02,
2023-08-11 15:47:02.379858,df,,,MCX,253460,,,,,1691749022,5727,6703,2,,463,,,,,,,,,,,,2,,,,,,,,,,2,,,,,,,,,,,,,6881.00,0.12,,,,6853.85,15:47:02,
2023-08-11 15:47:03.284498,df,,,MCX,253460,,,,,1691749023,5728,6704,1,673,459,6879.00,,6878.00,,6877.00,,6876.00,,6875.00,,27,3,15,22,10,,19,10,10,,9,,4,11,6,,,9,,,,,,,6880.00,0.10,,,,6853.86,15:47:03,
2023-08-11 15:47:03.287496,df,,,MCX,253460,,,,,1691749023,5728,6704,1,673,459,6879.00,,6878.00,,6877.00,,6876.00,,6875.00,,27,3,15,22,10,,19,10,10,,9,,4,11,6,,,9,,,,,,,6880.00,0.10,,,,6853.86,15:47:03,
2023-08-11 15:47:13.156705,df,,,MCX,253460,,,,,1691749032,5732,6702,,647,480,6878.00,6879.00,6877.00,6880.00,6876.00,6881.00,6875.00,6882.00,6874.00,6883.00,20,1,2,10,11,15,21,,8,17,3,,2,6,6,10,8,9,7,11,,,,,6878.00,0.07,,,,6853.88,15:47:12,
2023-08-11 15:47:13.158702,df,,,MCX,253460,,,,,1691749032,5732,6702,,647,480,6878.00,6879.00,6877.00,6880.00,6876.00,6881.00,6875.00,6882.00,6874.00,6883.00,20,1,2,10,11,15,21,,8,17,3,,2,6,6,10,8,9,7,11,,,,,6878.00,0.07,,,,6853.88,15:47:12,
2023-08-11 15:47:14.566737,df,,,MCX,253460,,,,,1691749034,5735,6699,2,648,,,,,,,,,,,,21,,,,,,,,,,4,,,,,,,,,,,,,,6877.00,0.06,,,,6853.89,15:47:14,
2023-08-11 15:47:14.569741,df,,,MCX,253460,,,,,1691749034,5735,6699,2,648,,,,,,,,,,,,21,,,,,,,,,,4,,,,,,,,,,,,,,6877.00,0.06,,,,6853.89,15:47:14,
2023-08-11 15:47:30.163408,df,,,MCX,253460,,,,,1691749050,5737,,,676,478,,,,,,,,,,,,,,14,,13,,,,,6,,,8,,9,,,,,,,,,6878.00,0.07,,,,6853.90,15:47:30,
2023-08-11 15:47:30.165408,df,,,MCX,253460,,,,,1691749050,5737,,,676,478,,,,,,,,,,,,,,14,,13,,,,,6,,,8,,9,,,,,,,,,6878.00,0.07,,,,6853.90,15:47:30,
2023-08-11 15:47:40.801716,df,,,MCX,253460,,,,,1691749060,5738,,,685,464,,6880.00,,6881.00,,6882.00,,6883.00,,6884.00,26,7,21,9,5,21,20,8,6,12,8,3,6,,4,11,7,7,5,,,,,,6879.00,0.09,,,,,15:47:40,
2023-08-11 15:47:40.803714,df,,,MCX,253460,,,,,1691749060,5738,,,685,464,,6880.00,,6881.00,,6882.00,,6883.00,,6884.00,26,7,21,9,5,21,20,8,6,12,8,3,6,,4,11,7,7,5,,,,,,6879.00,0.09,,,,,15:47:40,
2023-08-11 15:47:41.805319,df,,,MCX,253460,,,,,1691749061,5746,6707,,,465,6879.00,6881.00,6878.00,6882.00,6877.00,6883.00,6876.00,6884.00,6875.00,6885.00,7,11,,22,20,13,15,12,9,18,3,6,9,12,5,10,5,11,,12,,,,,6880.00,0.10,,,,6853.94,15:47:41,
2023-08-11 15:47:41.808318,df,,,MCX,253460,,,,,1691749061,5746,6707,,,465,6879.00,6881.00,6878.00,6882.00,6877.00,6883.00,6876.00,6884.00,6875.00,6885.00,7,11,,22,20,13,15,12,9,18,3,6,9,12,5,10,5,11,,12,,,,,6880.00,0.10,,,,6853.94,15:47:41,
2023-08-11 15:47:55.477949,df,,,MCX,253460,,,,,1691749075,5773,6718,,,447,6881.00,6883.00,6880.00,6884.00,6879.00,6885.00,6878.00,6886.00,6877.00,6887.00,19,8,17,12,6,27,22,,,16,7,3,4,,4,13,7,,,11,,,,,6881.00,0.12,,,,6854.07,15:47:55,
2023-08-11 15:47:55.481946,df,,,MCX,253460,,,,,1691749075,5773,6718,,,447,6881.00,6883.00,6880.00,6884.00,6879.00,6885.00,6878.00,6886.00,6877.00,6887.00,19,8,17,12,6,27,22,,,16,7,3,4,,4,13,7,,,11,,,,,6881.00,0.12,,,,6854.07,15:47:55,
2023-08-11 15:47:59.541149,df,,,MCX,253460,,,,,1691749079,5775,,,,451,,,,,,,,,,,15,7,9,16,,13,,16,,,4,3,7,10,,8,,10,,,,,,,6882.00,0.13,,,,6854.08,15:47:59,
2023-08-11 15:47:59.543148,df,,,MCX,253460,,,,,1691749079,5775,,,,451,,,,,,,,,,,15,7,9,16,,13,,16,,,4,3,7,10,,8,,10,,,,,,,6882.00,0.13,,,,6854.08,15:47:59,
2023-08-11 15:48:06.640187,df,,,MCX,253460,,,,,1691749086,5793,6731,1,696,449,,,,,,,,,,,10,5,,12,,12,,19,,,2,2,5,9,,9,,9,,,,,,,6881.00,0.12,,,,6854.16,15:48:06,
2023-08-11 15:48:06.643185,df,,,MCX,253460,,,,,1691749086,5793,6731,1,696,449,,,,,,,,,,,10,5,,12,,12,,19,,,2,2,5,9,,9,,9,,,,,,,6881.00,0.12,,,,6854.16,15:48:06,
2023-08-11 15:48:20.474853,df,,,MCX,253460,,,,,1691749100,5800,6737,,698,443,6882.00,6883.00,6881.00,6884.00,6880.00,6885.00,6879.00,6886.00,6878.00,6887.00,4,3,18,14,4,16,,22,22,18,1,3,5,11,3,10,6,13,9,12,,,,,6882.00,0.13,,,,6854.19,15:48:20,
2023-08-11 15:48:20.476853,df,,,MCX,253460,,,,,1691749100,5800,6737,,698,443,6882.00,6883.00,6881.00,6884.00,6880.00,6885.00,6879.00,6886.00,6878.00,6887.00,4,3,18,14,4,16,,22,22,18,1,3,5,11,3,10,6,13,9,12,,,,,6882.00,0.13,,,,6854.19,15:48:20,
2023-08-11 15:48:21.276355,df,,,MCX,253460,,,,,1691749101,5807,6738,,699,453,6881.00,6882.00,6880.00,6883.00,6879.00,6884.00,6878.00,6885.00,6877.00,6886.00,6,3,39,13,,13,8,24,10,13,2,1,6,10,,10,,11,5,11,,,,,6881.00,0.12,,,,6854.23,15:48:21,
2023-08-11 15:48:21.277355,df,,,MCX,253460,,,,,1691749101,5807,6738,,699,453,6881.00,6882.00,6880.00,6883.00,6879.00,6884.00,6878.00,6885.00,6877.00,6886.00,6,3,39,13,,13,8,24,10,13,2,1,6,10,,10,,11,5,11,,,,,6881.00,0.12,,,,6854.23,15:48:21,
2023-08-11 15:48:40.920698,df,,,MCX,253460,,,,,1691749120,5808,6739,,693,445,,,,,,,,,,,4,,,,,,,20,,,,,,,,,,,,,,,,,6882.00,0.13,,,,,15:48:40,
2023-08-11 15:48:40.923702,df,,,MCX,253460,,,,,1691749120,5808,6739,,693,445,,,,,,,,,,,4,,,,,,,20,,,,,,,,,,,,,,,,,6882.00,0.13,,,,,15:48:40,
2023-08-11 15:48:47.138307,df,,,MCX,253460,,,,,1691749127,5811,6737,,717,435,6883.00,6885.00,6882.00,6886.00,6881.00,6887.00,6880.00,6888.00,6879.00,6889.00,8,12,28,,16,24,7,40,20,17,,8,8,13,4,14,6,25,5,16,,,,,6883.00,0.15,,,,6854.25,15:48:46,
2023-08-11 15:48:47.140306,df,,,MCX,253460,,,,,1691749127,5811,6737,,717,435,6883.00,6885.00,6882.00,6886.00,6881.00,6887.00,6880.00,6888.00,6879.00,6889.00,8,12,28,,16,24,7,40,20,17,,8,8,13,4,14,6,25,5,16,,,,,6883.00,0.15,,,,6854.25,15:48:46,
2023-08-11 15:48:47.739864,df,,,MCX,253460,,,,,1691749127,5828,6731,2,696,422,6884.00,6886.00,6883.00,6887.00,6882.00,6888.00,6881.00,6889.00,6880.00,6890.00,6,7,,16,6,25,5,13,5,16,,6,,10,,16,3,12,4,11,,,,,6885.00,0.17,,,,6854.34,15:48:47,
2023-08-11 15:48:47.742863,df,,,MCX,253460,,,,,1691749127,5828,6731,2,696,422,6884.00,6886.00,6883.00,6887.00,6882.00,6888.00,6881.00,6889.00,6880.00,6890.00,6,7,,16,6,25,5,13,5,16,,6,,10,,16,3,12,4,11,,,,,6885.00,0.17,,,,6854.34,15:48:47,
2023-08-11 15:48:51.348816,df,,,MCX,253460,,,,,1691749131,5832,,,,454,,,,,,,,,,,,12,,,,19,,20,,,,,,,,12,,10,,,,,,,6884.00,0.16,,,,6854.36,15:48:51,
2023-08-11 15:48:51.350816,df,,,MCX,253460,,,,,1691749131,5832,,,,454,,,,,,,,,,,,12,,,,19,,20,,,,,,,,12,,10,,,,,,,6884.00,0.16,,,,6854.36,15:48:51,
2023-08-11 15:48:52.044364,df,,,MCX,253460,,,,,1691749131,5837,6730,3,710,,,,,,,,,,,,21,,,,,,,,,,4,,,,,,,,,,,,,,6882.00,0.13,,,,6854.38,,
2023-08-11 15:48:52.046361,df,,,MCX,253460,,,,,1691749131,5837,6730,3,710,,,,,,,,,,,,21,,,,,,,,,,4,,,,,,,,,,,,,,6882.00,0.13,,,,6854.38,,
2023-08-11 15:49:00.967410,df,,,MCX,253460,,,,,1691749140,5853,6746,1,735,435,6884.00,6885.00,6883.00,6886.00,6882.00,6887.00,6881.00,6888.00,6880.00,6889.00,4,4,32,18,12,17,21,25,22,15,2,2,8,13,6,11,5,16,9,14,,,,,6884.00,0.16,,,,6854.46,15:49:00,
2023-08-11 15:49:00.970408,df,,,MCX,253460,,,,,1691749140,5853,6746,1,735,435,6884.00,6885.00,6883.00,6886.00,6882.00,6887.00,6881.00,6888.00,6880.00,6889.00,4,4,32,18,12,17,21,25,22,15,2,2,8,13,6,11,5,16,9,14,,,,,6884.00,0.16,,,,6854.46,15:49:00,
2023-08-11 15:49:08.639610,df,,,MCX,253460,,,,,1691749148,5858,6748,,740,405,6886.00,6887.00,6885.00,6888.00,6884.00,6889.00,6883.00,6890.00,6882.00,6891.00,4,,17,17,22,12,7,15,12,18,2,9,5,13,,11,,10,7,12,,,,,6886.00,0.19,,6886.00,,6854.49,15:49:08,
2023-08-11 15:49:08.642607,df,,,MCX,253460,,,,,1691749148,5858,6748,,740,405,6886.00,6887.00,6885.00,6888.00,6884.00,6889.00,6883.00,6890.00,6882.00,6891.00,4,,17,17,22,12,7,15,12,18,2,9,5,13,,11,,10,7,12,,,,,6886.00,0.19,,6886.00,,6854.49,15:49:08,
2023-08-11 15:49:09.189288,df,,,MCX,253460,,,,,1691749149,5880,6741,,726,408,6887.00,6889.00,6886.00,6890.00,6885.00,6891.00,6884.00,6892.00,6883.00,6893.00,7,9,27,14,19,7,10,17,5,35,3,6,8,,5,5,5,15,3,21,,,,,6888.00,0.22,,6888.00,,6854.61,15:49:09,
2023-08-11 15:49:09.192288,df,,,MCX,253460,,,,,1691749149,5880,6741,,726,408,6887.00,6889.00,6886.00,6890.00,6885.00,6891.00,6884.00,6892.00,6883.00,6893.00,7,9,27,14,19,7,10,17,5,35,3,6,8,,5,5,5,15,3,21,,,,,6888.00,0.22,,6888.00,,6854.61,15:49:09,
2023-08-11 15:49:09.789942,df,,,MCX,253460,,,,,1691749149,5883,6742,3,710,427,6886.00,6888.00,6885.00,6889.00,6884.00,6890.00,6883.00,6891.00,6882.00,6892.00,17,4,20,18,10,13,5,16,11,14,8,2,6,10,,8,3,10,6,12,,,,,6887.00,0.20,,,,6854.62,,
2023-08-11 15:49:09.792932,df,,,MCX,253460,,,,,1691749149,5883,6742,3,710,427,6886.00,6888.00,6885.00,6889.00,6884.00,6890.00,6883.00,6891.00,6882.00,6892.00,17,4,20,18,10,13,5,16,11,14,8,2,6,10,,8,3,10,6,12,,,,,6887.00,0.20,,,,6854.62,,
2023-08-11 15:49:13.999169,df,,,MCX,253460,,,,,1691749153,5885,6743,,722,450,,,,,,,,,,,3,14,,,,,,,,,,10,,,,,,,,,,,,,6886.00,0.19,,,,,15:49:13,
2023-08-11 15:49:14.001168,df,,,MCX,253460,,,,,1691749153,5885,6743,,722,450,,,,,,,,,,,3,14,,,,,,,,,,10,,,,,,,,,,,,,6886.00,0.19,,,,,15:49:13,
2023-08-11 15:49:22.216513,df,,,MCX,253460,,,,,1691749162,5890,,,695,460,6884.00,6885.00,6883.00,6886.00,6882.00,6887.00,6881.00,6888.00,6880.00,6889.00,11,12,17,14,12,14,5,8,19,14,,7,5,9,7,,3,6,6,8,,,,,6885.00,0.17,,,,6854.66,15:49:21,
2023-08-11 15:49:22.219509,df,,,MCX,253460,,,,,1691749162,5890,,,695,460,6884.00,6885.00,6883.00,6886.00,6882.00,6887.00,6881.00,6888.00,6880.00,6889.00,11,12,17,14,12,14,5,8,19,14,,7,5,9,7,,3,6,6,8,,,,,6885.00,0.17,,,,6854.66,15:49:21,
2023-08-11 15:49:24.422289,df,,,MCX,253460,,,,,1691749164,5891,6745,,707,,,,,,,,,,,,27,,19,,,,,,,,7,,7,,,,,,,,,,,,6883.00,0.15,,,,6854.67,15:49:24,
2023-08-11 15:49:24.425286,df,,,MCX,253460,,,,,1691749164,5891,6745,,707,,,,,,,,,,,,27,,19,,,,,,,,7,,7,,,,,,,,,,,,6883.00,0.15,,,,6854.67,15:49:24,
2023-08-11 15:49:29.037280,df,,,MCX,253460,,,,,1691749168,5892,6746,,691,,,,,,,,,,,,9,,,14,13,,,17,,,4,,,6,8,,,11,,,,,,,6882.00,0.13,,,,,15:49:28,
2023-08-11 15:49:29.038279,df,,,MCX,253460,,,,,1691749168,5892,6746,,691,,,,,,,,,,,,9,,,14,13,,,17,,,4,,,6,8,,,11,,,,,,,6882.00,0.13,,,,,15:49:28,
2023-08-11 15:49:30.040984,df,,,MCX,253460,,,,,1691749169,5897,6751,,740,434,6885.00,6887.00,6884.00,6888.00,6883.00,6889.00,6882.00,6890.00,6881.00,6891.00,11,7,33,12,12,18,22,20,21,18,,5,14,10,4,12,9,11,5,12,,,,,6884.00,0.16,,,,6854.70,15:49:29,
2023-08-11 15:49:30.042983,df,,,MCX,253460,,,,,1691749169,5897,6751,,740,434,6885.00,6887.00,6884.00,6888.00,6883.00,6889.00,6882.00,6890.00,6881.00,6891.00,11,7,33,12,12,18,22,20,21,18,,5,14,10,4,12,9,11,5,12,,,,,6884.00,0.16,,,,6854.70,15:49:29,
2023-08-11 15:49:30.642217,df,,,MCX,253460,,,,,1691749170,5898,,,,421,6887.00,6889.00,6886.00,6890.00,6885.00,6891.00,6884.00,6892.00,6883.00,6893.00,19,4,42,10,,11,15,19,11,47,5,3,12,6,5,6,8,13,4,29,,,,,6888.00,0.22,,,,,,
2023-08-11 15:49:30.644217,df,,,MCX,253460,,,,,1691749170,5898,,,,421,6887.00,6889.00,6886.00,6890.00,6885.00,6891.00,6884.00,6892.00,6883.00,6893.00,19,4,42,10,,11,15,19,11,47,5,3,12,6,5,6,8,13,4,29,,,,,6888.00,0.22,,,,,,
2023-08-11 15:49:36.063143,df,,,MCX,253460,,,,,1691749175,5903,6752,1,719,449,6887.00,6888.00,6886.00,,6885.00,,6884.00,,6883.00,,5,2,25,17,23,15,14,18,11,16,1,,9,8,6,10,8,9,4,10,,,,,6887.00,0.20,,,,6854.73,,
2023-08-11 15:49:36.065143,df,,,MCX,253460,,,,,1691749175,5903,6752,1,719,449,6887.00,6888.00,6886.00,,6885.00,,6884.00,,6883.00,,5,2,25,17,23,15,14,18,11,16,1,,9,8,6,10,8,9,4,10,,,,,6887.00,0.20,,,,6854.73,,
2023-08-11 15:49:38.870611,df,,,MCX,253460,,,,,1691749178,5904,6753,,707,,,,,,,,,,,,17,,,,,,,,,,7,,,,,,,,,,,,,,6886.00,0.19,,,,,15:49:38,
2023-08-11 15:49:38.872607,df,,,MCX,253460,,,,,1691749178,5904,6753,,707,,,,,,,,,,,,17,,,,,,,,,,7,,,,,,,,,,,,,,6886.00,0.19,,,,,15:49:38,
2023-08-11 15:49:40.877934,df,,,MCX,253460,,,,,1691749180,5905,,,711,445,6887.00,,6886.00,,6885.00,,6884.00,,6883.00,,1,1,20,14,24,,14,17,11,,1,1,,8,7,,8,8,4,,,,,,6888.00,0.22,,,,6854.74,15:49:40,
2023-08-11 15:49:40.880930,df,,,MCX,253460,,,,,1691749180,5905,,,711,445,6887.00,,6886.00,,6885.00,,6884.00,,6883.00,,1,1,20,14,24,,14,17,11,,1,1,,8,7,,8,8,4,,,,,,6888.00,0.22,,,,6854.74,15:49:40,
2023-08-11 15:49:42.685808,df,,,MCX,253460,,,,,1691749182,5910,,,693,448,6886.00,6888.00,6885.00,6889.00,6884.00,6890.00,6883.00,6891.00,6882.00,6892.00,12,13,18,13,11,20,12,14,8,16,,8,6,10,7,11,5,8,5,10,,,,,6887.00,0.20,,,,6854.77,15:49:42,
2023-08-11 15:49:42.686809,df,,,MCX,253460,,,,,1691749182,5910,,,693,448,6886.00,6888.00,6885.00,6889.00,6884.00,6890.00,6883.00,6891.00,6882.00,6892.00,12,13,18,13,11,20,12,14,8,16,,8,6,10,7,11,5,8,5,10,,,,,6887.00,0.20,,,,6854.77,15:49:42,
2023-08-11 15:49:45.891124,df,,,MCX,253460,,,,,1691749185,5911,,,705,445,,,,,,,,,,,,4,,10,,21,,,7,,,,,6,,12,,,4,,,,,,6888.00,0.22,,,,,15:49:45,
2023-08-11 15:49:45.892124,df,,,MCX,253460,,,,,1691749185,5911,,,705,445,,,,,,,,,,,,4,,10,,21,,,7,,,,,6,,12,,,4,,,,,,6888.00,0.22,,,,,15:49:45,
2023-08-11 15:49:46.693966,df,,,MCX,253460,,,,,1691749186,5913,,2,708,441,,,,,,,,,,,18,,18,11,,20,,,,,,,6,7,,11,,,,,,,,,6886.00,0.19,,,,6854.78,15:49:46,
2023-08-11 15:49:46.695964,df,,,MCX,253460,,,,,1691749186,5913,,2,708,441,,,,,,,,,,,18,,18,11,,20,,,,,,,6,7,,11,,,,,,,,,6886.00,0.19,,,,6854.78,15:49:46,
2023-08-11 15:49:49.548546,df,,,MCX,253460,,,,,1691749189,5914,,1,,,,,,,,,,,,,,,,,,17,,16,8,,,,,,,8,,10,5,,,,,,6888.00,0.22,,,,6854.79,15:49:49,
2023-08-11 15:49:49.550556,df,,,MCX,253460,,,,,1691749189,5914,,1,,,,,,,,,,,,,,,,,,17,,16,8,,,,,,,8,,10,5,,,,,,6888.00,0.22,,,,6854.79,15:49:49,
2023-08-11 15:49:55.174540,df,,,MCX,253460,,,,,1691749194,5915,6754,,706,,,,,,,,,,,,12,,,,,,,,,,,,,,,,,,,,,,,,6886.00,0.19,,,,,15:49:54,
2023-08-11 15:49:55.176535,df,,,MCX,253460,,,,,1691749194,5915,6754,,706,,,,,,,,,,,,12,,,,,,,,,,,,,,,,,,,,,,,,6886.00,0.19,,,,,15:49:54,
2023-08-11 15:49:56.268522,df,,,MCX,253460,,,,,1691749196,5916,,,,451,,,,,,,,,,,,6,,,,,,,,,,3,,,,,,,,,,,,,6888.00,0.22,,,,6854.80,15:49:56,
2023-08-11 15:49:56.270528,df,,,MCX,253460,,,,,1691749196,5916,,,,451,,,,,,,,,,,,6,,,,,,,,,,3,,,,,,,,,,,,,6888.00,0.22,,,,6854.80,15:49:56,
2023-08-11 15:50:00.519414,df,,,MCX,253460,,,,,1691749200,5917,6755,,711,446,,,,,,,,,,,17,,,14,,,,,,,7,,,8,,,,,,,,,,,6886.00,0.19,,,,6854.81,15:50:00,
2023-08-11 15:50:00.521414,df,,,MCX,253460,,,,,1691749200,5917,6755,,711,446,,,,,,,,,,,17,,,14,,,,,,,7,,,8,,,,,,,,,,,6886.00,0.19,,,,6854.81,15:50:00,
2023-08-11 15:50:22.990034,df,,,MCX,253460,,,,,1691749222,5924,6758,1,712,,,,,,,,,,,,21,,,,,15,,,,,4,,,,,10,,,,,,,,,6885.00,0.17,,,,6854.84,15:50:22,
2023-08-11 15:50:22.991033,df,,,MCX,253460,,,,,1691749222,5924,6758,1,712,,,,,,,,,,,,21,,,,,15,,,,,4,,,,,10,,,,,,,,,6885.00,0.17,,,,6854.84,15:50:22,
2023-08-11 15:50:29.391963,df,,,MCX,253460,,,,,1691749229,5935,6769,1,720,455,6886.00,6887.00,6885.00,6888.00,6884.00,6889.00,6883.00,6890.00,6882.00,6891.00,14,2,28,9,16,15,20,26,9,17,4,1,8,,5,9,5,13,4,11,,,,,6886.00,0.19,,,,6854.90,15:50:29,
2023-08-11 15:50:29.393962,df,,,MCX,253460,,,,,1691749229,5935,6769,1,720,455,6886.00,6887.00,6885.00,6888.00,6884.00,6889.00,6883.00,6890.00,6882.00,6891.00,14,2,28,9,16,15,20,26,9,17,4,1,8,,5,9,5,13,4,11,,,,,6886.00,0.19,,,,6854.90,15:50:29,
2023-08-11 15:50:38.521627,df,,,MCX,253460,,,,,1691749238,5940,6767,2,704,465,,,,,,,,,,,23,8,17,19,,,,,,,5,4,6,13,,,,,,,,,,,6885.00,0.17,,,,6854.92,15:50:38,
2023-08-11 15:50:38.522625,df,,,MCX,253460,,,,,1691749238,5940,6767,2,704,465,,,,,,,,,,,23,8,17,19,,,,,,,5,4,6,13,,,,,,,,,,,6885.00,0.17,,,,6854.92,15:50:38,
2023-08-11 15:50:41.011726,df,,,MCX,253460,,,,,1691749240,5941,6766,1,723,451,,,,,,,,,,,14,1,,,,12,,27,,17,4,,,,,8,,14,,11,,,,,6887.00,0.20,,,,6854.93,15:50:40,
2023-08-11 15:50:41.012726,df,,,MCX,253460,,,,,1691749240,5941,6766,1,723,451,,,,,,,,,,,14,1,,,,12,,27,,17,4,,,,,8,,14,,11,,,,,6887.00,0.20,,,,6854.93,15:50:40,
2023-08-11 15:50:43.307015,df,,,MCX,253460,,,,,1691749243,5948,,,716,449,,,,,,,,,,,7,4,,,,,,,,,3,3,,,,,,,,,,,,,6886.00,0.19,,,,6854.97,15:50:43,
2023-08-11 15:50:43.308015,df,,,MCX,253460,,,,,1691749243,5948,,,716,449,,,,,,,,,,,7,4,,,,,,,,,3,3,,,,,,,,,,,,,6886.00,0.19,,,,6854.97,15:50:43,
2023-08-11 15:51:02.461947,df,,,MCX,253460,,,,,1691749262,5965,6772,,728,442,6887.00,6888.00,6886.00,6889.00,6885.00,6890.00,6884.00,6891.00,6883.00,6892.00,3,5,32,8,18,15,,25,11,17,1,2,11,6,5,10,7,14,5,11,,,,,6887.00,0.20,,,,,15:51:02,
2023-08-11 15:51:02.463946,df,,,MCX,253460,,,,,1691749262,5965,6772,,728,442,6887.00,6888.00,6886.00,6889.00,6885.00,6890.00,6884.00,6891.00,6883.00,6892.00,3,5,32,8,18,15,,25,11,17,1,2,11,6,5,10,7,14,5,11,,,,,6887.00,0.20,,,,,15:51:02,
2023-08-11 15:51:05.805809,df,,,MCX,253460,,,,,1691749265,5966,6773,,704,449,,,,,,,,,,,11,2,28,9,,,,24,,16,5,1,7,4,,,,14,,10,,,,,6886.00,0.19,,,,6855.06,15:51:05,
2023-08-11 15:51:05.807808,df,,,MCX,253460,,,,,1691749265,5966,6773,,704,449,,,,,,,,,,,11,2,28,9,,,,24,,16,5,1,7,4,,,,14,,10,,,,,6886.00,0.19,,,,6855.06,15:51:05,
2023-08-11 15:51:11.483522,df,,,MCX,253460,,,,,1691749271,5969,6772,2,713,442,,6888.00,,6889.00,,6890.00,,6891.00,,6892.00,14,4,28,11,,25,,17,,,6,2,7,9,,15,,11,,,,,,,6887.00,0.20,,,,6855.08,15:51:11,
2023-08-11 15:51:11.486517,df,,,MCX,253460,,,,,1691749271,5969,6772,2,713,442,,6888.00,,6889.00,,6890.00,,6891.00,,6892.00,14,4,28,11,,25,,17,,,6,2,7,9,,15,,11,,,,,,,6887.00,0.20,,,,6855.08,15:51:11,
2023-08-11 15:51:12.088500,df,,,MCX,253460,,,,,1691749272,5971,,,695,454,,,,,,,,,,,10,17,25,12,4,23,17,16,,,4,7,8,10,3,13,6,10,,,,,,,6886.00,0.19,,,,6855.09,,
2023-08-11 15:51:12.089499,df,,,MCX,253460,,,,,1691749272,5971,,,695,454,,,,,,,,,,,10,17,25,12,4,23,17,16,,,4,7,8,10,3,13,6,10,,,,,,,6886.00,0.19,,,,6855.09,,
2023-08-11 15:51:13.693940,df,,,MCX,253460,,,,,1691749273,5972,6773,1,702,445,6887.00,,6886.00,,6885.00,,6884.00,,6883.00,,1,4,23,9,13,19,20,25,6,,1,2,5,7,6,14,6,14,,,,,,,6887.00,0.20,,,,,15:51:13,
2023-08-11 15:51:13.695939,df,,,MCX,253460,,,,,1691749273,5972,6773,1,702,445,6887.00,,6886.00,,6885.00,,6884.00,,6883.00,,1,4,23,9,13,19,20,25,6,,1,2,5,7,6,14,6,14,,,,,,,6887.00,0.20,,,,,15:51:13,
2023-08-11 15:51:22.106702,df,,,MCX,253460,,,,,1691749282,5977,6778,2,725,423,6888.00,6889.00,6887.00,6890.00,6886.00,6891.00,6885.00,6892.00,6884.00,6893.00,9,1,27,4,16,15,21,20,9,16,3,,9,3,4,10,7,16,4,,,,,,6888.00,0.22,,,,6855.12,15:51:21,
2023-08-11 15:51:22.108702,df,,,MCX,253460,,,,,1691749282,5977,6778,2,725,423,6888.00,6889.00,6887.00,6890.00,6886.00,6891.00,6885.00,6892.00,6884.00,6893.00,9,1,27,4,16,15,21,20,9,16,3,,9,3,4,10,7,16,4,,,,,,6888.00,0.22,,,,6855.12,15:51:21,
2023-08-11 15:51:22.505538,df,,,MCX,253460,,,,,1691749282,5978,6779,1,727,417,,6890.00,,6891.00,,6892.00,,6893.00,,6894.00,27,4,15,10,17,10,19,22,,23,7,3,8,9,5,8,5,,,17,,,,,6889.00,0.23,,6889.00,,,15:51:22,
2023-08-11 15:51:22.508536,df,,,MCX,253460,,,,,1691749282,5978,6779,1,727,417,,6890.00,,6891.00,,6892.00,,6893.00,,6894.00,27,4,15,10,17,10,19,22,,23,7,3,8,9,5,8,5,,,17,,,,,6889.00,0.23,,6889.00,,,15:51:22,
2023-08-11 15:51:25.510956,df,,,MCX,253460,,,,,1691749285,5979,6780,,711,437,,,,,,,,,,,,12,30,12,,24,,,,,2,6,11,7,,16,,,,,,,,,6888.00,0.22,,,,6855.13,15:51:25,
2023-08-11 15:51:25.513958,df,,,MCX,253460,,,,,1691749285,5979,6780,,711,437,,,,,,,,,,,,12,30,12,,24,,,,,2,6,11,7,,16,,,,,,,,,6888.00,0.22,,,,6855.13,15:51:25,
2023-08-11 15:51:28.122539,df,,,MCX,253460,,,,,1691749288,5981,,,722,430,,,,,,,,,,,20,7,24,,10,21,19,16,,,5,4,9,,5,15,5,12,,,,,,,6890.00,0.25,,6890.00,,6855.14,15:51:27,
2023-08-11 15:51:28.124539,df,,,MCX,253460,,,,,1691749288,5981,,,722,430,,,,,,,,,,,20,7,24,,10,21,19,16,,,5,4,9,,5,15,5,12,,,,,,,6890.00,0.25,,6890.00,,6855.14,15:51:27,
2023-08-11 15:51:28.921399,df,,,MCX,253460,,,,,1691749288,5982,6781,,723,,,,,,,,,,,,22,,24,,,,,,,,,,9,,,,,,,,,,,,6888.00,0.22,,,,6855.15,15:51:28,
2023-08-11 15:51:28.924402,df,,,MCX,253460,,,,,1691749288,5982,6781,,723,,,,,,,,,,,,22,,24,,,,,,,,,,9,,,,,,,,,,,,6888.00,0.22,,,,6855.15,15:51:28,
2023-08-11 15:51:31.329107,df,,,MCX,253460,,,,,1691749291,5992,6784,3,,433,,,,,,,,,,,,10,,,,,,,,,,5,,,,,,,,,,,,,6890.00,0.25,,,,6855.20,15:51:30,
2023-08-11 15:51:31.332114,df,,,MCX,253460,,,,,1691749291,5992,6784,3,,433,,,,,,,,,,,,10,,,,,,,,,,5,,,,,,,,,,,,,6890.00,0.25,,,,6855.20,15:51:30,
2023-08-11 15:51:32.334407,df,,,MCX,253460,,,,,1691749292,5993,6785,1,,,,,,,,,,,,,,,,,,,,,,,,,,,,,,,,,,,,,6888.00,0.22,,,,6855.21,15:51:32,
2023-08-11 15:51:32.335409,df,,,MCX,253460,,,,,1691749292,5993,6785,1,,,,,,,,,,,,,,,,,,,,,,,,,,,,,,,,,,,,,6888.00,0.22,,,,6855.21,15:51:32,
2023-08-11 15:51:33.776229,df,,,MCX,253460,,,,,1691749293,5994,6786,,,434,,,,,,,,,,,,2,,,,,,,,,,,,,,,,,,,,,,,6889.00,0.23,,,,6855.22,15:51:33,
2023-08-11 15:51:33.778225,df,,,MCX,253460,,,,,1691749293,5994,6786,,,434,,,,,,,,,,,,2,,,,,,,,,,,,,,,,,,,,,,,6889.00,0.23,,,,6855.22,15:51:33,
2023-08-11 15:51:47.589091,df,,,MCX,253460,,,,,1691749307,5995,,,717,,,,,,,,,,,,12,,28,,,20,,16,,,5,,9,,,14,,12,,,,,,,6888.00,0.22,,,,,15:51:47,
2023-08-11 15:51:47.592089,df,,,MCX,253460,,,,,1691749307,5995,,,717,,,,,,,,,,,,12,,28,,,20,,16,,,5,,9,,,14,,12,,,,,,,6888.00,0.22,,,,,15:51:47,
2023-08-11 15:51:49.359611,df,,,MCX,253460,,,,,1691749309,5996,,,,428,,,,,,,,,,,8,7,28,12,,19,,17,,,3,4,9,7,,13,,13,,,,,,,6890.00,0.25,,,,6855.23,15:51:49,
2023-08-11 15:51:49.361611,df,,,MCX,253460,,,,,1691749309,5996,,,,428,,,,,,,,,,,8,7,28,12,,19,,17,,,3,4,9,7,,13,,13,,,,,,,6890.00,0.25,,,,6855.23,15:51:49,
2023-08-11 15:51:50.161044,df,,,MCX,253460,,,,,1691749309,5997,6787,,711,,,,,,,,,,,,6,,,13,,21,,15,,,3,,,8,,15,,11,,,,,,,6888.00,0.22,,,,,,
2023-08-11 15:51:50.162045,df,,,MCX,253460,,,,,1691749309,5997,6787,,711,,,,,,,,,,,,6,,,13,,21,,15,,,3,,,8,,15,,11,,,,,,,6888.00,0.22,,,,,,
2023-08-11 15:51:58.002548,df,,,MCX,253460,,,,,1691749318,6002,6791,,726,428,6889.00,,6888.00,,6887.00,,6886.00,,6885.00,,4,,,11,21,25,10,,19,,2,1,,6,,17,7,,5,,,,,,6890.00,0.25,,,,6855.26,15:51:58,
2023-08-11 15:51:58.018536,df,,,MCX,253460,,,,,1691749318,6002,6791,,726,428,6889.00,,6888.00,,6887.00,,6886.00,,6885.00,,4,,,11,21,25,10,,19,,2,1,,6,,17,7,,5,,,,,,6890.00,0.25,,,,6855.26,15:51:58,
2023-08-11 15:52:02.217556,df,,,MCX,253460,,,,,1691749322,6004,,2,724,433,6888.00,,6887.00,,6886.00,,6885.00,,6884.00,,23,2,,,9,24,20,18,10,,8,1,,,,16,6,13,,,,,,,6889.00,0.23,,,,6855.27,15:52:02,
2023-08-11 15:52:02.218556,df,,,MCX,253460,,,,,1691749322,6004,,2,724,433,6888.00,,6887.00,,6886.00,,6885.00,,6884.00,,23,2,,,9,24,20,18,10,,8,1,,,,16,6,13,,,,,,,6889.00,0.23,,,,6855.27,15:52:02,
2023-08-11 15:52:13.935321,df,,,MCX,253460,,,,,1691749333,6025,6800,1,702,448,,,,,,,,,,,9,15,25,13,,16,,10,,,,7,9,7,,,,8,,,,,,,6887.00,0.20,,,,6855.39,15:52:13,
2023-08-11 15:52:13.937318,df,,,MCX,253460,,,,,1691749333,6025,6800,1,702,448,,,,,,,,,,,9,15,25,13,,16,,10,,,,7,9,7,,,,8,,,,,,,6887.00,0.20,,,,6855.39,15:52:13,
2023-08-11 15:52:18.024362,df,,,MCX,253460,,,,,1691749337,6026,,,686,464,6884.00,6886.00,6883.00,6887.00,6882.00,6888.00,6881.00,6889.00,6880.00,6890.00,6,,30,14,10,18,11,14,18,9,2,3,11,8,,12,4,7,8,7,,,,,6886.00,0.19,,,,,15:52:17,
2023-08-11 15:52:18.025362,df,,,MCX,253460,,,,,1691749337,6026,,,686,464,6884.00,6886.00,6883.00,6887.00,6882.00,6888.00,6881.00,6889.00,6880.00,6890.00,6,,30,14,10,18,11,14,18,9,2,3,11,8,,12,4,7,8,7,,,,,6886.00,0.19,,,,,15:52:17,
2023-08-11 15:52:23.040210,df,,,MCX,253460,,,,,1691749343,6030,6802,2,691,462,6884.00,,6883.00,,6882.00,,6881.00,,6880.00,,7,8,32,16,4,14,22,,9,,3,5,7,12,3,9,6,,8,,,,,,6885.00,0.17,,,,6855.41,15:52:23,
2023-08-11 15:52:23.042213,df,,,MCX,253460,,,,,1691749343,6030,6802,2,691,462,6884.00,,6883.00,,6882.00,,6881.00,,6880.00,,7,8,32,16,4,14,22,,9,,3,5,7,12,3,9,6,,8,,,,,,6885.00,0.17,,,,6855.41,15:52:23,
2023-08-11 15:52:38.484589,df,,,MCX,253460,,,,,1691749358,6036,,,686,483,6883.00,,6882.00,,6881.00,,6880.00,,6879.00,,21,,17,4,13,11,20,13,7,14,5,,6,4,6,8,10,8,5,7,,,,,6884.00,0.16,,,,6855.44,15:52:38,
2023-08-11 15:52:38.486588,df,,,MCX,253460,,,,,1691749358,6036,,,686,483,6883.00,,6882.00,,6881.00,,6880.00,,6879.00,,21,,17,4,13,11,20,13,7,14,5,,6,4,6,8,10,8,5,7,,,,,6884.00,0.16,,,,6855.44,15:52:38,
2023-08-11 15:52:52.322603,df,,,MCX,253460,,,,,1691749371,6074,6808,,686,478,,,,,,,,,,,17,3,,1,,9,,19,7,,6,3,,1,,4,,,5,,,,,,6883.00,0.15,,,,6855.61,15:52:51,
2023-08-11 15:52:52.325601,df,,,MCX,253460,,,,,1691749371,6074,6808,,686,478,,,,,,,,,,,17,3,,1,,9,,19,7,,6,3,,1,,4,,,5,,,,,,6883.00,0.15,,,,6855.61,15:52:51,
2023-08-11 15:53:06.128390,df,,,MCX,253460,,,,,1691749386,6075,,,670,483,,,,,,,,,,,5,9,,8,,23,,,,,2,7,,5,,10,,,,,,,,,6882.00,0.13,,,,6855.62,15:53:05,
2023-08-11 15:53:06.129389,df,,,MCX,253460,,,,,1691749386,6075,,,670,483,,,,,,,,,,,5,9,,8,,23,,,,,2,7,,5,,10,,,,,,,,,6882.00,0.13,,,,6855.62,15:53:05,
2023-08-11 15:53:13.316361,df,,,MCX,253460,,,,,1691749393,6076,6809,,,478,,6884.00,,6885.00,,6886.00,,6887.00,,6888.00,,6,,10,,22,22,12,14,17,,5,,7,,11,8,7,12,11,,,,,6883.00,0.15,,,,,15:53:13,
2023-08-11 15:53:13.319363,df,,,MCX,253460,,,,,1691749393,6076,6809,,,478,,6884.00,,6885.00,,6886.00,,6887.00,,6888.00,,6,,10,,22,22,12,14,17,,5,,7,,11,8,7,12,11,,,,,6883.00,0.15,,,,,15:53:13,
2023-08-11 15:53:24.757315,df,,,MCX,253460,,,,,1691749404,6079,6812,,698,468,6884.00,6885.00,6883.00,6886.00,6882.00,6887.00,6881.00,6888.00,6880.00,6889.00,1,2,23,11,21,15,20,27,12,14,1,1,6,6,5,10,7,15,9,7,,,,,6884.00,0.16,,,,6855.64,15:53:24,
2023-08-11 15:53:24.758315,df,,,MCX,253460,,,,,1691749404,6079,6812,,698,468,6884.00,6885.00,6883.00,6886.00,6882.00,6887.00,6881.00,6888.00,6880.00,6889.00,1,2,23,11,21,15,20,27,12,14,1,1,6,6,5,10,7,15,9,7,,,,,6884.00,0.16,,,,6855.64,15:53:24,
2023-08-11 15:53:35.817362,df,,,MCX,253460,,,,,1691749415,6081,6811,,669,,,6883.00,,6884.00,,6885.00,,6886.00,,6887.00,4,11,29,18,10,17,,14,,13,3,8,11,13,5,8,,9,,8,,,,,6881.00,0.12,,,,6855.65,15:53:35,
2023-08-11 15:53:35.818359,df,,,MCX,253460,,,,,1691749415,6081,6811,,669,,,6883.00,,6884.00,,6885.00,,6886.00,,6887.00,4,11,29,18,10,17,,14,,13,3,8,11,13,5,8,,9,,8,,,,,6881.00,0.12,,,,6855.65,15:53:35,
2023-08-11 15:53:48.630498,df,,,MCX,253460,,,,,1691749428,6093,,,663,,,,,,,,,,,,7,13,,16,11,,,,,,6,9,,13,6,,,,,,,,,,6880.00,0.10,,,,6855.70,15:53:48,
2023-08-11 15:53:48.630498,df,,,MCX,253460,,,,,1691749428,6093,,,663,,,,,,,,,,,,7,13,,16,11,,,,,,6,9,,13,6,,,,,,,,,,6880.00,0.10,,,,6855.70,15:53:48,
2023-08-11 15:53:53.006791,df,,,MCX,253460,,,,,1691749433,6101,,,694,472,6881.00,6883.00,6880.00,6884.00,6879.00,6885.00,6878.00,6886.00,6877.00,6887.00,18,5,39,,5,22,22,14,2,23,4,3,9,10,4,13,8,,1,15,,,,,6882.00,0.13,,,,6855.73,15:53:52,
2023-08-11 15:53:53.009789,df,,,MCX,253460,,,,,1691749433,6101,,,694,472,6881.00,6883.00,6880.00,6884.00,6879.00,6885.00,6878.00,6886.00,6877.00,6887.00,18,5,39,,5,22,22,14,2,23,4,3,9,10,4,13,8,,1,15,,,,,6882.00,0.13,,,,6855.73,15:53:52,
2023-08-11 15:54:00.509781,df,,,MCX,253460,,,,,1691749440,6120,6837,,678,472,6881.00,6882.00,6880.00,6883.00,6879.00,6884.00,6878.00,6885.00,6877.00,6886.00,1,3,22,8,8,,32,23,8,12,1,2,5,5,4,11,8,14,4,11,,,,,6881.00,0.12,,,,6855.81,15:54:00,
2023-08-11 15:54:00.510780,df,,,MCX,253460,,,,,1691749440,6120,6837,,678,472,6881.00,6882.00,6880.00,6883.00,6879.00,6884.00,6878.00,6885.00,6877.00,6886.00,1,3,22,8,8,,32,23,8,12,1,2,5,5,4,11,8,14,4,11,,,,,6881.00,0.12,,,,6855.81,15:54:00,
2023-08-11 15:54:05.817594,df,,,MCX,253460,,,,,1691749445,6125,6834,,672,487,,6882.00,,6883.00,,6884.00,,6885.00,,6886.00,,9,24,18,22,24,,12,,13,,7,9,12,7,13,,9,,12,,,,,6882.00,0.13,,,,6855.83,15:54:05,
2023-08-11 15:54:05.817594,df,,,MCX,253460,,,,,1691749445,6125,6834,,672,487,,6882.00,,6883.00,,6884.00,,6885.00,,6886.00,,9,24,18,22,24,,12,,13,,7,9,12,7,13,,9,,12,,,,,6882.00,0.13,,,,6855.83,15:54:05,
2023-08-11 15:54:13.007665,df,,,MCX,253460,,,,,1691749452,6126,6835,,680,,,,,,,,,,,,26,,,,,,,,,,,,,,,,,,,,,,,,6880.00,0.10,,,,,15:54:12,
2023-08-11 15:54:13.009665,df,,,MCX,253460,,,,,1691749452,6126,6835,,680,,,,,,,,,,,,26,,,,,,,,,,,,,,,,,,,,,,,,6880.00,0.10,,,,,15:54:12,
2023-08-11 15:54:14.276912,df,,,MCX,253460,,,,,1691749454,6131,6838,,670,461,6883.00,6884.00,6882.00,6885.00,6881.00,6886.00,6880.00,6887.00,6879.00,6888.00,1,,16,12,13,22,7,22,14,29,1,,4,10,7,15,6,14,,17,,,,,6883.00,0.15,,,,6855.85,15:54:14,
2023-08-11 15:54:14.278909,df,,,MCX,253460,,,,,1691749454,6131,6838,,670,461,6883.00,6884.00,6882.00,6885.00,6881.00,6886.00,6880.00,6887.00,6879.00,6888.00,1,,16,12,13,22,7,22,14,29,1,,4,10,7,15,6,14,,17,,,,,6883.00,0.15,,,,6855.85,15:54:14,
2023-08-11 15:54:14.825330,df,,,MCX,253460,,,,,1691749454,6135,6842,,,466,6882.00,,6881.00,,6880.00,,6879.00,,6878.00,,4,5,25,14,6,25,15,23,11,28,2,3,9,9,5,18,5,15,6,16,,,,,6882.00,0.13,,,,6855.87,,
2023-08-11 15:54:14.827329,df,,,MCX,253460,,,,,1691749454,6135,6842,,,466,6882.00,,6881.00,,6880.00,,6879.00,,6878.00,,4,5,25,14,6,25,15,23,11,28,2,3,9,9,5,18,5,15,6,16,,,,,6882.00,0.13,,,,6855.87,,
2023-08-11 15:54:17.914285,df,,,MCX,253460,,,,,1691749457,6136,,,672,,,,,,,,,,,,3,6,,17,,,,,,,2,4,,12,,,,,,,,,,,6884.00,0.16,,,,6855.88,15:54:17,
2023-08-11 15:54:17.916283,df,,,MCX,253460,,,,,1691749457,6136,,,672,,,,,,,,,,,,3,6,,17,,,,,,,2,4,,12,,,,,,,,,,,6884.00,0.16,,,,6855.88,15:54:17,
2023-08-11 15:54:21.235561,df,,,MCX,253460,,,,,1691749461,6137,,,675,475,,,,,,,,,,,6,9,25,,,,,,,,4,6,8,,,,,,,,,,,,6882.00,0.13,,,,,15:54:20,
2023-08-11 15:54:21.236566,df,,,MCX,253460,,,,,1691749461,6137,,,675,475,,,,,,,,,,,6,9,25,,,,,,,,4,6,8,,,,,,,,,,,,6882.00,0.13,,,,,15:54:20,
2023-08-11 15:55:01.553718,dk,2,1,MCX,253460,CRUDEOIL21AUG23,100,1.00,6873.00,1691749500,6137,6842,1,674,479,6882.00,6883.00,6881.00,6884.00,6880.00,6885.00,6879.00,6886.00,6878.00,6887.00,2,2,22,11,8,26,19,13,15,9,2,2,6,8,4,15,6,9,10,8,7028.00,5574.00,7147.00,6599.00,6882.00,0.13,6862.00,6890.00,6814.00,6855.88,15:54:20,
2023-08-11 15:55:02.685168,df,,,MCX,253460,,,,,1691749502,6139,6840,2,,,,,,,,,,,,,1,,12,12,19,26,9,13,25,,1,2,,9,5,15,5,9,11,,,,,,6883.00,0.15,,,,6855.89,15:55:02,
2023-08-11 15:55:02.691475,df,,,MCX,253460,,,,,1691749502,6139,6840,2,,,,,,,,,,,,,1,,12,12,19,26,9,13,25,,1,2,,9,5,15,5,9,11,,,,,,6883.00,0.15,,,,6855.89,15:55:02,
2023-08-11 15:55:04.230828,df,,,MCX,253460,,,,,1691749504,6140,6841,1,672,483,6881.00,,6880.00,,6879.00,,6878.00,,6877.00,,8,,22,15,9,27,25,,5,,3,,8,9,,16,11,,4,,,,,,6882.00,0.13,,,,,15:55:04,
2023-08-11 15:55:04.236821,df,,,MCX,253460,,,,,1691749504,6140,6841,1,672,483,6881.00,,6880.00,,6879.00,,6878.00,,6877.00,,8,,22,15,9,27,25,,5,,3,,8,9,,16,11,,4,,,,,,6882.00,0.13,,,,,15:55:04,
2023-08-11 15:55:05.854709,df,,,MCX,253460,,,,,1691749505,6141,6842,,675,,,,,,,,,,,,13,,,,,,,,,,,,,,,,,,,,,,,,6881.00,0.12,,,,6855.90,15:55:05,
2023-08-11 15:55:05.860704,df,,,MCX,253460,,,,,1691749505,6141,6842,,675,,,,,,,,,,,,13,,,,,,,,,,,,,,,,,,,,,,,,6881.00,0.12,,,,6855.90,15:55:05,
2023-08-11 15:55:29.311314,df,,,MCX,253460,,,,,1691749529,6146,,,676,,,,,,,,,,,,1,,,,,,,,,,1,,,,,,,,,,,,,,6880.00,0.10,,,,6855.92,15:55:29,
2023-08-11 15:55:29.317316,df,,,MCX,253460,,,,,1691749529,6146,,,676,,,,,,,,,,,,1,,,,,,,,,,1,,,,,,,,,,,,,,6880.00,0.10,,,,6855.92,15:55:29,
2023-08-11 15:55:45.552566,df,,,MCX,253460,,,,,1691749545,6152,,,666,496,,,,,,,,,,,,4,20,13,21,13,,,,11,,4,5,10,7,12,,,,10,,,,,6878.00,0.07,,,,6855.94,15:55:45,
2023-08-11 15:55:45.558582,df,,,MCX,253460,,,,,1691749545,6152,,,666,496,,,,,,,,,,,,4,20,13,21,13,,,,11,,4,5,10,7,12,,,,10,,,,,6878.00,0.07,,,,6855.94,15:55:45,
2023-08-11 15:55:48.959905,df,,,MCX,253460,,,,,1691749548,6154,6843,,668,500,,,,,,,,,,,19,,,17,,14,,18,10,10,4,,,14,,11,,11,9,9,,,,,6877.00,0.06,,,,6855.95,15:55:48,
2023-08-11 15:55:48.965899,df,,,MCX,253460,,,,,1691749548,6154,6843,,668,500,,,,,,,,,,,19,,,17,,14,,18,10,10,4,,,14,,11,,11,9,9,,,,,6877.00,0.06,,,,6855.95,15:55:48,
2023-08-11 15:55:52.773481,df,,,MCX,253460,,,,,1691749552,6159,6846,,,494,,,,,,,,,,,19,2,23,7,21,14,5,13,10,21,4,2,9,6,8,,4,8,9,13,,,,,6878.00,0.07,,,,6855.96,15:55:52,
2023-08-11 15:55:52.778479,df,,,MCX,253460,,,,,1691749552,6159,6846,,,494,,,,,,,,,,,19,2,23,7,21,14,5,13,10,21,4,2,9,6,8,,4,8,9,13,,,,,6878.00,0.07,,,,6855.96,15:55:52,
2023-08-11 15:55:57.049629,df,,,MCX,253460,,,,,1691749557,6162,,,669,500,,,,,,,,,,,1,7,23,12,24,14,,24,6,11,1,6,7,10,10,,,14,5,9,,,,,6877.00,0.06,,,,6855.97,15:55:56,
2023-08-11 15:55:58.330258,df,,,MCX,253460,,,,,1691749558,6170,6853,,685,488,6878.00,6879.00,6877.00,6880.00,6876.00,6881.00,6875.00,6882.00,6874.00,6883.00,33,2,18,13,5,13,20,20,3,11,7,2,8,11,4,12,7,,2,,,,,,6878.00,0.07,,,,6856.00,15:55:58,
2023-08-11 15:55:59.480889,dk,2,1,MCX,253460,CRUDEOIL21AUG23,100,1.00,6873.00,1691749558,6170,6853,1,677,488,6878.00,6879.00,6877.00,6880.00,6876.00,6881.00,6875.00,6882.00,6874.00,6883.00,23,2,21,11,5,15,20,20,3,11,6,2,10,10,4,13,7,12,2,10,7028.00,5574.00,7147.00,6599.00,6878.00,0.07,6862.00,6890.00,6814.00,6856.00,15:55:58,
2023-08-11 15:56:08.411860,df,,,MCX,253460,,,,,1691749568,6173,6855,,686,483,6879.00,6880.00,6878.00,6881.00,6877.00,6882.00,6876.00,6883.00,6875.00,6884.00,25,7,18,12,8,14,,,9,16,4,7,5,11,7,,,,5,14,,,,,6879.00,0.09,,,,,15:56:08,
2023-08-11 15:56:10.615493,df,,,MCX,253460,,,,,1691749570,6178,6859,,673,484,,,,,,,,,,,,2,13,8,10,16,,20,,18,,2,7,7,6,14,,11,,16,,,,,6880.00,0.10,,,,6856.03,15:56:10,
2023-08-11 15:56:11.172148,df,,,MCX,253460,,,,,1691749571,6179,,,669,494,6878.00,,6877.00,,6876.00,,6875.00,,6874.00,,24,7,8,16,9,21,,12,4,,6,6,7,12,,13,,8,3,,,,,,6879.00,0.09,,,,6856.04,15:56:11,
2023-08-11 15:56:19.277145,dk,2,1,MCX,253460,CRUDEOIL21AUG23,100,1.00,6873.00,1691749578,6181,6858,1,673,489,6878.00,6880.00,6877.00,6881.00,6876.00,6882.00,6875.00,6883.00,6874.00,6884.00,23,6,19,16,5,18,18,13,3,17,5,5,8,14,4,11,5,9,2,15,7028.00,5574.00,7147.00,6599.00,6879.00,0.09,6862.00,6890.00,6814.00,6856.04,15:56:18,
2023-08-11 15:56:28.332009,df,,,MCX,253460,,,,,1691749588,6190,6866,1,689,474,6880.00,6881.00,6879.00,6882.00,6878.00,6883.00,6877.00,6884.00,6876.00,6885.00,22,2,20,14,,12,19,29,4,14,4,2,5,12,,,6,19,3,11,,,,,6880.00,0.10,,,,6856.08,15:56:28,
2023-08-11 15:56:36.456607,df,,,MCX,253460,,,,,1691749596,6202,,,676,483,6879.00,6880.00,6878.00,6881.00,6877.00,6882.00,6876.00,6883.00,6875.00,6884.00,21,2,16,9,7,,15,23,8,18,,1,7,7,3,13,5,11,4,16,,,,,6879.00,0.09,,,,6856.12,15:56:36,
2023-08-11 15:56:53.925753,df,,,MCX,253460,,,,,1691749613,6204,6867,,678,,,,,,,,,,,,29,,,,,,,22,,,,,,,,,,12,,,,,,,6878.00,0.07,,,,,15:56:53,
2023-08-11 15:56:55.209132,df,,,MCX,253460,,,,,1691749615,6220,6883,,679,485,,,,,,,,,,,18,4,27,8,,12,,23,,5,6,4,7,6,,8,,13,,4,,,,,6879.00,0.09,,,,6856.19,15:56:55,
2023-08-11 15:57:06.685205,df,,,MCX,253460,,,,,1691749626,6225,6888,,673,477,,6879.00,,6880.00,,6881.00,,6882.00,,6883.00,29,3,19,,16,12,,15,,9,8,2,6,7,6,7,,11,,8,,,,,6878.00,0.07,,,,6856.21,15:57:06,
2023-08-11 15:57:11.458738,df,,,MCX,253460,,,,,1691749631,6226,6887,,673,488,,,,,,,,,,,28,3,8,14,18,12,14,24,,,8,3,4,12,8,8,4,12,,,,,,,6879.00,0.09,,,,,15:57:11,
2023-08-11 15:57:20.079408,dk,2,1,MCX,253460,CRUDEOIL21AUG23,100,1.00,6873.00,1691749639,6228,6889,1,692,470,6880.00,6881.00,6879.00,6882.00,6878.00,6883.00,6877.00,6884.00,6876.00,6885.00,6,1,38,9,11,10,18,26,9,12,3,1,10,7,6,6,6,20,5,10,7028.00,5574.00,7147.00,6599.00,6880.00,0.10,6862.00,6890.00,6814.00,6856.22,15:57:18,
2023-08-11 15:57:22.501361,df,,,MCX,253460,,,,,1691749642,6229,,,709,463,6881.00,6883.00,6880.00,6884.00,6879.00,6885.00,6878.00,6886.00,6877.00,6887.00,40,,13,13,22,13,9,25,6,33,11,,4,11,8,9,5,15,3,22,,,,,6881.00,0.12,,,,,15:57:22,
2023-08-11 15:57:41.465272,df,,,MCX,253460,,,,,1691749661,6240,6892,,697,498,,,,,,,,,,,27,26,26,18,10,10,9,15,6,28,9,9,7,9,6,,5,10,3,20,,,,,6882.00,0.13,,,,6856.27,15:57:41,
2023-08-11 15:57:41.923476,df,,,MCX,253460,,,,,1691749661,6253,6879,,,487,,,,,,,,,,,18,8,21,21,20,22,,9,,29,6,3,,12,7,12,,8,,21,,,,,6883.00,0.15,,,,6856.33,,
2023-08-11 15:57:42.727760,df,,,MCX,253460,,,,,1691749662,6254,6878,,700,492,,,,,,,,,,,4,16,37,22,10,18,20,,,28,2,9,11,13,6,8,7,,,20,,,,,6881.00,0.12,,,,,15:57:42,
2023-08-11 15:58:23.372264,df,,,MCX,253460,,,,,1691749703,6267,6884,,,473,,6882.00,,6883.00,,6884.00,,6885.00,,6886.00,19,4,29,12,8,25,16,8,,,8,2,8,7,6,13,4,7,,12,,,,,6880.00,0.10,,,,6856.38,15:58:23,
2023-08-11 15:59:23.972786,df,,,MCX,253460,,,,,1691749763,6271,6887,3,696,484,6880.00,,6879.00,,6878.00,,6877.00,,6876.00,,28,14,17,,17,,8,,12,,11,9,6,,6,,5,,7,,,,,,6881.00,0.12,,,,6856.40,15:59:23,
2023-08-11 15:59:34.284785,df,,,MCX,253460,,,,,1691749774,6272,6886,1,711,,6881.00,,6880.00,,6879.00,,6878.00,,6877.00,,26,,18,,,,7,,,,7,,7,,,,,,4,,,,,,6882.00,0.13,,,,,15:59:34,
2023-08-11 15:59:49.038387,dk,2,1,MCX,253460,CRUDEOIL21AUG23,100,1.00,6873.00,1691749788,6273,6886,1,709,491,6881.00,6882.00,6880.00,6883.00,6879.00,6884.00,6878.00,6885.00,6877.00,6886.00,3,7,20,15,25,23,16,14,8,18,3,3,8,8,8,13,5,8,5,13,7028.00,5574.00,7147.00,6599.00,6882.00,0.13,6862.00,6890.00,6814.00,6856.41,15:59:41,
2023-08-11 15:59:56.287256,df,,,MCX,253460,,,,,1691749796,6279,6886,,707,,,,,,,,,,,,1,,,,,16,,16,,29,1,,,,,10,,11,,21,,,,,6881.00,0.12,,,,,,
2023-08-11 15:59:59.917555,df,,,MCX,253460,,,,,1691749799,6280,,,706,478,6881.00,,6880.00,,6879.00,,6878.00,,6877.00,,9,10,31,,16,16,7,16,,,3,6,10,,5,10,,11,4,,,,,,6882.00,0.13,,,,,15:59:59,
2023-08-11 16:00:07.728233,df,,,MCX,253460,,,,,1691749807,6281,,,705,481,6880.00,,6879.00,,6878.00,,6877.00,,6876.00,,17,,25,17,18,25,8,,11,,6,,8,11,7,13,,,6,,,,,,6881.00,0.12,,,,6856.44,16:00:07,
2023-08-11 16:00:30.229033,df,,,MCX,253460,,,,,1691749830,6283,,,,464,,,,,,,,,,,,6,,13,,14,,,,,,1,,11,,9,,,,,,,,,6883.00,0.15,,,,6856.45,16:00:30,
2023-08-11 16:00:33.543238,df,,,MCX,253460,,,,,1691749833,6295,6889,,,449,,6885.00,,6886.00,,6887.00,,6888.00,,6889.00,39,2,3,14,19,19,6,15,7,20,9,2,3,9,5,14,5,9,,13,,,,,6884.00,0.16,,,,6856.50,,
2023-08-11 16:00:34.144383,df,,,MCX,253460,,,,,1691749833,6297,6891,,723,452,6884.00,6886.00,6883.00,6887.00,6882.00,6888.00,6881.00,6889.00,6880.00,6890.00,2,13,42,17,2,21,19,20,6,21,1,9,12,12,1,11,,13,,16,,,,,6885.00,0.17,,,,6856.51,16:00:33,
2023-08-11 16:00:38.993990,df,,,MCX,253460,,,,,1691749838,6312,6896,,751,427,6888.00,6889.00,6887.00,6890.00,6886.00,6891.00,6885.00,6892.00,6884.00,6893.00,8,17,14,11,23,27,9,36,8,15,5,11,5,11,10,21,6,22,4,11,,,,,6888.00,0.22,,,,6856.58,16:00:38,
2023-08-11 16:00:39.360181,df,,,MCX,253460,,,,,1691749839,6321,6895,,711,439,6887.00,6888.00,6886.00,6889.00,6885.00,6890.00,6884.00,6891.00,6883.00,6892.00,1,2,13,10,28,9,7,14,7,12,1,2,8,5,7,5,4,9,,8,,,,,6887.00,0.20,,,,6856.62,,
2023-08-11 16:00:42.569035,df,,,MCX,253460,,,,,1691749842,6322,,,,437,,,,,,,,,,,5,2,39,5,20,6,7,,,,4,,9,,7,5,6,,,,,,,,6889.00,0.23,,,,6856.63,16:00:42,
2023-08-11 16:00:46.185364,df,,,MCX,253460,,,,,1691749846,6323,6894,,714,474,6886.00,6888.00,6885.00,6889.00,6884.00,6890.00,6883.00,6891.00,6882.00,6892.00,32,,7,14,15,21,6,,6,13,11,8,,6,5,8,3,8,,7,,,,,6888.00,0.22,,,,,16:00:46,
2023-08-11 16:01:38.086884,df,,,MCX,253460,,,,,1691749898,6335,6889,,,476,,,,,,,,,,,,2,,,,,,,,,,1,,,,,,,,,,,,,6887.00,0.20,,,,,16:01:38,
2023-08-11 16:02:09.029409,df,,,MCX,253460,,,,,1691749929,6338,,,716,492,6885.00,6886.00,6884.00,6887.00,6883.00,6888.00,6882.00,6889.00,6881.00,6890.00,,10,5,,39,7,14,13,10,16,,6,4,7,9,4,4,8,,10,,,,,6886.00,0.19,,,,6856.71,16:02:08,
2023-08-11 16:02:09.328222,df,,,MCX,253460,,,,,1691749929,6342,6888,,700,494,6882.00,6884.00,6881.00,6885.00,6880.00,6886.00,6879.00,6887.00,6878.00,6888.00,27,3,15,16,21,22,10,4,11,7,8,3,5,11,8,10,8,4,9,5,,,,,6884.00,0.16,,,,6856.72,16:02:09,
2023-08-11 16:02:19.342946,df,,,MCX,253460,,,,,1691749939,6345,,,697,500,,6884.00,,6885.00,,6886.00,,6887.00,,6888.00,6,7,,12,30,17,,11,18,14,3,4,,9,,7,,6,7,8,,,,,6883.00,0.15,,,,6856.74,16:02:19,
2023-08-11 16:02:50.870461,df,,,MCX,253460,,,,,1691749970,6348,6888,,695,504,6881.00,6883.00,6880.00,6884.00,6879.00,6885.00,6878.00,6886.00,6877.00,6887.00,11,,21,11,31,22,9,7,9,,2,,,7,10,11,7,5,,9,,,,,6882.00,0.13,,,,6856.75,16:02:50,
2023-08-11 16:03:21.080533,df,,,MCX,253460,,,,,1691750000,6351,6885,,699,501,6882.00,,6881.00,,6880.00,,6879.00,,6878.00,,4,14,13,22,29,8,10,14,18,12,2,9,8,10,8,6,8,8,7,,,,,,6883.00,0.15,,,,6856.76,16:03:20,
2023-08-11 16:03:43.373257,df,,,MCX,253460,,,,,1691750023,6352,6875,,721,467,6884.00,6886.00,6883.00,6887.00,6882.00,6888.00,6881.00,6889.00,6880.00,6890.00,9,6,27,14,13,10,11,9,18,17,3,4,7,5,7,5,,7,7,12,,,,,6884.00,0.16,,,,,16:03:43,
2023-08-11 16:04:14.725596,dk,2,1,MCX,253460,CRUDEOIL21AUG23,100,1.00,6873.00,1691750054,6357,6874,2,712,486,6883.00,6885.00,6882.00,6886.00,6881.00,6887.00,6880.00,6888.00,6879.00,6889.00,7,9,31,19,16,9,23,10,9,14,4,5,8,8,6,5,9,5,7,9,7028.00,5574.00,7147.00,6599.00,6884.00,0.16,6862.00,6890.00,6814.00,6856.79,16:03:56,
2023-08-11 16:04:18.693708,df,,,MCX,253460,,,,,1691750058,6365,,,709,499,6882.00,6883.00,6881.00,6884.00,6880.00,6885.00,6879.00,6886.00,6878.00,6887.00,20,13,23,5,17,8,10,16,17,12,8,,6,3,5,,,7,6,8,,,,,6883.00,0.15,,,,6856.82,16:04:18,
2023-08-11 16:04:25.252640,df,,,MCX,253460,,,,,1691750065,6380,,1,734,470,6884.00,6886.00,6883.00,6887.00,6882.00,6888.00,6881.00,6889.00,6880.00,6890.00,23,2,31,8,7,10,22,23,7,15,15,2,9,4,,4,,11,5,10,,,,,6884.00,0.16,,,,6856.88,16:04:25,
2023-08-11 16:04:37.908654,df,,,MCX,253460,,,,,1691750077,6381,6877,,713,,,,,,,,,,,,11,,14,,21,,,,,,,,5,,6,,,,,,,,,,6885.00,0.17,,,,6856.89,16:04:37,
2023-08-11 16:04:42.510293,df,,,MCX,253460,,,,,1691750082,6382,6876,,,473,,,,,,,,,,,,3,,,,,,,,16,,2,,,,,,,,9,,,,,6887.00,0.20,,,,,16:04:42,
2023-08-11 16:05:09.316415,df,,,MCX,253460,,,,,1691750109,6385,6874,,716,,,,,,,,,,,,7,,,,,,,,,,7,,,,,,,,,,,,,,6886.00,0.19,,,,6856.90,16:05:09,
2023-08-11 16:05:16.909739,df,,,MCX,253460,,,,,1691750116,6387,,,,458,,,,,,,,,,,,12,,,,,,,,,,4,,,,,,,,,,,,,6888.00,0.22,,,,6856.91,16:05:16,
2023-08-11 16:05:25.259452,df,,,MCX,253460,,,,,1691750125,6397,6865,,706,461,6885.00,6887.00,6884.00,6888.00,6883.00,6889.00,6882.00,6890.00,6881.00,6891.00,6,3,26,19,12,8,,12,6,17,5,2,8,7,7,6,,7,5,10,,,,,6887.00,0.20,,,,6856.96,16:05:25,
2023-08-11 16:06:11.821494,df,,,MCX,253460,,,,,1691750171,6398,,,703,498,,6884.00,,6885.00,,6886.00,,6887.00,,6888.00,5,9,,15,30,10,12,18,,16,3,6,,,,,10,9,,11,,,,,6883.00,0.15,,,,,16:06:11,
2023-08-11 16:06:13.991625,df,,,MCX,253460,,,,,1691750173,6401,6864,,667,522,6878.00,6880.00,6877.00,6881.00,6876.00,6882.00,6875.00,6883.00,6874.00,6884.00,4,2,16,26,15,13,15,5,9,9,4,2,7,10,5,6,5,3,8,6,,,,,6880.00,0.10,,,,6856.98,16:06:13,
2023-08-11 16:06:14.392290,df,,,MCX,253460,,,,,1691750174,6408,6871,,674,504,,,,,,,,,,,,4,27,10,5,14,14,9,11,8,3,,9,6,4,5,4,6,10,5,,,,,6879.00,0.09,,,,6857.00,16:06:14,
2023-08-11 16:06:17.799990,df,,,MCX,253460,,,,,1691750177,6409,,,678,,,,,,,,,,,,,,10,,26,,14,,,,,,6,,,,4,,,,,,,,6880.00,0.10,,,,,16:06:17,
2023-08-11 16:06:28.021211,df,,,MCX,253460,,,,,1691750187,6410,6872,,689,502,,,,,,,,,,,1,,,,,9,,,,,,,,,,6,,,,,,,,,6879.00,0.09,,,,6857.01,16:06:27,
2023-08-11 16:06:36.198804,df,,,MCX,253460,,,,,1691750196,6412,,,713,487,,6882.00,,6883.00,,6884.00,,6885.00,,6886.00,7,6,,19,,8,,9,17,8,5,4,,7,,5,,6,6,5,,,,,6881.00,0.12,,,,,16:06:36,
2023-08-11 16:07:05.061769,df,,,MCX,253460,,,,,1691750224,6425,6876,1,704,479,,6883.00,,6884.00,,6885.00,,6886.00,,6887.00,2,11,,17,31,7,11,8,,22,2,6,,6,10,5,7,4,,14,,,,,6883.00,0.15,,,,6857.06,16:07:04,
2023-08-11 16:07:50.481414,df,,,MCX,253460,,,,,1691750270,6426,,,698,,,,,,,,,,,,3,,,,,,,,,,2,,,,,,,,,,,,,,6881.00,0.12,,,,6857.07,16:07:50,
2023-08-11 16:07:51.486493,df,,,MCX,253460,,,,,1691750271,6428,,2,714,478,,,,,,,,,,,5,2,7,,29,16,,7,6,18,3,2,4,,7,6,9,4,5,9,,,,,6883.00,0.15,,,,6857.08,,
2023-08-11 16:08:10.268845,df,,,MCX,253460,,,,,1691750290,6431,,,,479,,,,,,,,,,,,2,,,10,,27,,,,,,,,6,,8,,,,,,,,6884.00,0.16,,,,6857.09,16:08:10,
2023-08-11 16:08:30.730103,df,,,MCX,253460,,,,,1691750310,6435,6875,,705,478,6882.00,,6881.00,,6880.00,,6879.00,,6878.00,,5,5,11,,26,,11,,17,13,,4,7,,8,,7,,,9,,,,,6883.00,0.15,,,,6857.10,16:08:30,
2023-08-11 16:09:12.149138,df,,,MCX,253460,,,,,1691750352,6437,6876,,724,475,,,,,,,,,,,7,3,33,10,20,19,21,15,6,16,4,2,10,7,8,8,10,7,5,11,,,,,6882.00,0.13,,,,,16:09:12,
2023-08-11 16:09:18.401668,df,,,MCX,253460,,,,,1691750358,6439,6878,,711,472,6883.00,6885.00,6882.00,6886.00,6881.00,6887.00,6880.00,6888.00,6879.00,6889.00,3,7,8,21,31,16,6,,21,14,3,4,5,10,9,,5,10,10,9,,,,,6883.00,0.15,,,,6857.12,16:09:18,
2023-08-11 16:09:40.901382,df,,,MCX,253460,,,,,1691750380,6442,6880,2,,475,,,,,,,,,,,,11,,,,,,,19,,,6,,,,,,,8,,,,,,6885.00,0.17,,,,6857.13,16:09:40,
2023-08-11 16:10:28.535093,dk,2,1,MCX,253460,CRUDEOIL21AUG23,100,1.00,6873.00,1691750428,6442,6880,2,696,496,6881.00,6882.00,6880.00,6883.00,6879.00,6884.00,6878.00,6885.00,6877.00,6886.00,1,5,5,20,17,10,21,8,15,12,1,5,4,9,7,8,8,7,5,8,7028.00,5574.00,7147.00,6599.00,6885.00,0.17,6862.00,6890.00,6814.00,6857.13,16:09:40,
2023-08-11 16:10:33.053018,df,,,MCX,253460,,,,,1691750433,6444,,1,692,499,6880.00,,6879.00,,6878.00,,6877.00,,6876.00,,2,8,17,,21,10,15,12,6,8,2,7,7,,8,8,5,,,5,,,,,6880.00,0.10,,,,6857.14,16:10:32,
2023-08-11 16:10:38.092445,df,,,MCX,253460,,,,,1691750438,6448,6881,,724,485,6881.00,6882.00,6880.00,6883.00,6879.00,6884.00,6878.00,6885.00,6877.00,6886.00,3,4,17,7,19,15,20,13,16,8,2,,9,6,7,6,,11,6,5,,,,,6882.00,0.13,,,,6857.15,16:10:38,
2023-08-11 16:11:54.251375,df,,,MCX,253460,,,,,1691750514,6461,6882,,722,,,,,,,,,,,,7,,,,,,,,,,,,,,,,,,,,,,,,6883.00,0.15,,,,,16:11:54,
2023-08-11 16:12:06.220646,df,,,MCX,253460,,,,,1691750526,6462,,,714,,,,,,,,,,,,7,,,11,,20,,,,,5,,,7,,9,,,,,,,,,6882.00,0.13,,,,6857.21,16:12:06,
2023-08-11 16:12:09.353336,df,,,MCX,253460,,,,,1691750529,6480,6876,,708,496,6880.00,,6879.00,,6878.00,,6877.00,,6876.00,,33,11,15,9,6,15,15,11,7,7,9,,4,7,5,6,,10,6,,,,,,6881.00,0.12,,,,6857.27,,
2023-08-11 16:12:14.365816,df,,,MCX,253460,,,,,1691750534,6481,,,713,493,,6883.00,,6884.00,,6885.00,,6886.00,,6887.00,8,5,,8,,21,,9,,24,5,4,,,,12,,5,,15,,,,,6882.00,0.13,,,,6857.28,16:12:14,
2023-08-11 16:12:19.659379,df,,,MCX,253460,,,,,1691750539,6482,6875,,,494,,,,,,,,,,,7,6,36,,,,,,,,4,,10,,,,,,,,,,,,6883.00,0.15,,,,,16:12:19,
2023-08-11 16:13:01.225638,df,,,MCX,253460,,,,,1691750581,6487,6879,,,498,6879.00,,6878.00,,6877.00,,6876.00,,6875.00,,9,,32,,13,,16,,9,,4,,10,,,,6,,5,,,,,,6880.00,0.10,,,,,16:13:01,
2023-08-11 16:13:14.631472,df,,,MCX,253460,,,,,1691750594,6494,,2,665,521,6878.00,6879.00,6877.00,6880.00,6876.00,6881.00,6875.00,6882.00,6874.00,6883.00,1,5,3,16,20,8,9,19,12,15,,4,2,7,9,5,5,6,11,11,,,,,6879.00,0.09,,,,6857.33,16:13:14,
2023-08-11 16:13:15.436465,df,,,MCX,253460,,,,,1691750595,6495,6873,1,670,528,6876.00,6878.00,6875.00,6879.00,6874.00,6880.00,6873.00,6881.00,6872.00,6882.00,5,6,17,17,20,31,6,7,6,10,3,5,5,8,9,9,,6,5,6,,,,,6878.00,0.07,,,,,16:13:15,
2023-08-11 16:13:18.848965,df,,,MCX,253460,,,,,1691750598,6499,6870,,660,523,6874.00,6876.00,6873.00,6877.00,6872.00,6878.00,6871.00,6879.00,6870.00,6880.00,7,2,11,23,17,9,9,11,11,15,4,1,8,,,7,8,7,7,10,,,,,6876.00,0.04,,,,,16:13:18,
2023-08-11 16:13:31.081922,df,,,MCX,253460,,,,,1691750610,6507,6871,,680,508,6874.00,6876.00,6873.00,6877.00,6872.00,6878.00,6871.00,6879.00,6870.00,6880.00,10,2,29,13,7,17,11,11,11,11,6,1,8,,4,,8,,,9,,,,,6874.00,0.01,,,,6857.36,16:13:30,
2023-08-11 16:13:35.028450,df,,,MCX,253460,,,,,1691750614,6538,6866,,621,523,6871.00,6873.00,6870.00,6874.00,6869.00,6875.00,6868.00,6876.00,6867.00,6877.00,1,4,7,7,7,,6,7,6,11,1,2,6,5,6,,5,5,3,6,,,,,6870.00,-0.04,,,,6857.43,16:13:34,
2023-08-11 16:13:35.292299,df,,,MCX,253460,,,,,1691750615,6559,6856,,648,528,6870.00,6871.00,6869.00,6872.00,6868.00,6873.00,6867.00,6874.00,6866.00,6875.00,7,1,5,18,21,20,12,,8,5,4,1,5,8,6,8,,4,8,4,,,,,6872.00,-0.01,,,,6857.48,16:13:35,
2023-08-11 16:13:36.094388,df,,,MCX,253460,,,,,1691750615,6562,6853,,642,509,6869.00,6870.00,6868.00,6871.00,6867.00,6872.00,6866.00,6873.00,6865.00,6874.00,4,2,6,4,15,,5,5,7,14,,2,4,3,6,,,4,7,10,,,,,6870.00,-0.04,,,,,,
2023-08-11 16:13:36.692896,df,,,MCX,253460,,,,,1691750616,6567,6851,,649,506,6867.00,6869.00,6866.00,6870.00,6865.00,6871.00,6864.00,6872.00,6863.00,6873.00,6,6,11,17,10,7,8,7,6,9,3,4,5,7,,4,6,6,5,8,,,,,6868.00,-0.07,,,,6857.49,16:13:36,
2023-08-11 16:13:39.303469,df,,,MCX,253460,,,,,1691750619,6570,6849,,680,502,,,,,,,,,,,,8,11,16,,10,8,15,,11,,5,,,,7,6,10,,10,,,,,6871.00,-0.03,,,,6857.50,16:13:38,
2023-08-11 16:13:49.065397,df,,,MCX,253460,,,,,1691750629,6573,6850,,678,490,6869.00,,6868.00,,6867.00,,6866.00,,6865.00,,7,13,10,5,17,6,8,13,18,8,5,4,6,4,,5,6,10,,7,,,,,6870.00,-0.04,,,,,16:13:49,
2023-08-11 16:13:57.172671,df,,,MCX,253460,,,,,1691750636,6575,6849,,687,,,,,,,,,,,,3,,,7,8,13,20,11,7,13,2,,,5,6,10,8,8,4,10,,,,,6872.00,-0.01,,,,6857.51,16:13:56,
2023-08-11 16:13:57.554435,df,,,MCX,253460,,,,,1691750637,6579,6850,,680,496,6870.00,6872.00,6869.00,6873.00,6868.00,6874.00,6867.00,6875.00,6866.00,6876.00,5,8,6,18,21,9,6,,20,9,,5,4,7,9,7,3,,9,6,,,,,6871.00,-0.03,,,,,16:13:57,
2023-08-11 16:14:00.973349,df,,,MCX,253460,,,,,1691750640,6580,6851,,,,,,,,,,,,,,6,,,,,,,,,,,,,,,,,,,,,,,,6870.00,-0.04,,,,6857.52,16:14:00,
2023-08-11 16:14:04.369276,df,,,MCX,253460,,,,,1691750644,6582,6849,2,685,492,6870.00,6872.00,6869.00,6873.00,6868.00,6874.00,6867.00,6875.00,6866.00,6876.00,7,2,8,16,20,10,8,8,,15,,1,6,5,,7,5,6,6,11,,,,,6873.00,0.00,,,,,16:14:04,
2023-08-11 16:14:06.575906,df,,,MCX,253460,,,,,1691750646,6583,6850,1,689,488,6871.00,6873.00,6870.00,6874.00,6869.00,6875.00,6868.00,6876.00,6867.00,6877.00,4,16,6,7,18,12,11,11,8,13,3,5,3,5,,9,7,8,5,10,,,,,6870.00,-0.04,,,,,16:14:06,
2023-08-11 16:14:19.981243,df,,,MCX,253460,,,,,1691750659,6585,6851,,695,497,6870.00,6872.00,6869.00,6873.00,6868.00,6874.00,6867.00,6875.00,6866.00,6876.00,8,6,9,17,25,10,8,12,17,11,5,4,7,6,,6,5,,6,8,,,,,6871.00,-0.03,,,,,16:14:19,
2023-08-11 16:14:24.077937,df,,,MCX,253460,,,,,1691750664,6587,6853,2,712,480,6872.00,6873.00,6871.00,6874.00,6870.00,6875.00,6869.00,6876.00,6868.00,6877.00,11,3,5,9,31,18,,8,14,14,7,2,3,,,8,6,,7,11,,,,,6873.00,0.00,,,,,16:14:24,
2023-08-11 16:14:24.610286,df,,,MCX,253460,,,,,1691750664,6594,6854,4,717,466,6874.00,6875.00,6873.00,6876.00,6872.00,6877.00,6871.00,6878.00,6870.00,6879.00,5,6,12,5,16,9,15,11,9,7,3,,9,4,5,5,5,8,6,5,,,,,6874.00,0.01,,,,6857.55,,
2023-08-11 16:14:25.409899,df,,,MCX,253460,,,,,1691750665,6595,6855,1,716,479,,6876.00,,6877.00,,6878.00,,6879.00,,6880.00,7,4,14,19,17,11,8,7,,9,5,4,10,6,7,7,,4,,8,,,,,6876.00,0.04,,,,,16:14:25,
2023-08-11 16:14:35.608390,df,,,MCX,253460,,,,,1691750675,6599,6852,,706,485,6874.00,6875.00,6873.00,6876.00,6872.00,6877.00,6871.00,6878.00,6870.00,6879.00,,5,8,6,14,19,7,9,8,12,1,5,,4,5,8,4,,6,8,,,,,6875.00,0.03,,,,6857.56,16:14:35,
2023-08-11 16:14:53.046418,df,,,MCX,253460,,,,,1691750693,6601,,,711,487,,,,,,,,,,,1,9,,,,,,,,,1,7,,,,,,,,,,,,,6874.00,0.01,,,,6857.57,16:14:53,
2023-08-11 16:15:01.257546,df,,,MCX,253460,,,,,1691750701,6603,,,718,486,6873.00,6875.00,6872.00,6876.00,6871.00,6877.00,6870.00,6878.00,6869.00,6879.00,,5,30,5,7,20,19,12,8,11,6,5,,5,4,9,8,8,6,,,,,,6875.00,0.03,,,,,16:15:01,
2023-08-11 16:15:09.083370,df,,,MCX,253460,,,,,1691750708,6604,6853,,716,480,,,,,,,,,,,5,,11,,,,,,,9,4,,8,,,,,,,8,,,,,6874.00,0.01,,,,6857.58,16:15:08,
2023-08-11 16:15:17.486944,df,,,MCX,253460,,,,,1691750717,6606,6855,,733,469,,6877.00,,6878.00,,6879.00,,6880.00,,6881.00,9,4,29,5,9,21,,9,,8,5,,9,4,7,9,,8,,7,,,,,6876.00,0.04,,,,,16:15:17,
2023-08-11 16:15:27.798902,df,,,MCX,253460,,,,,1691750727,6607,,,716,,,,,,,,,,,,9,6,,,,12,,11,18,8,6,4,,,,8,,8,6,7,,,,,6875.00,0.03,,,,,16:15:27,
2023-08-11 16:15:39.675703,df,,,MCX,253460,,,,,1691750739,6608,,,,487,,,,,,,,,,,,2,,,,,,,,,,,,,,,,,,,,,,,6876.00,0.04,,,,6857.59,16:15:39,
2023-08-11 16:16:18.789222,df,,,MCX,253460,,,,,1691750778,6615,6859,,719,489,6874.00,6875.00,6873.00,6876.00,6872.00,6877.00,6871.00,6878.00,6870.00,6879.00,5,5,17,2,21,10,9,13,17,,,,8,1,5,,6,4,,8,,,,,6875.00,0.03,,,,6857.61,16:16:18,
2023-08-11 16:17:09.684490,df,,,MCX,253460,,,,,1691750829,6621,6865,,728,492,,6875.00,,6876.00,,6877.00,,6878.00,,6879.00,6,,36,7,5,20,20,8,8,,6,,11,6,4,8,9,5,6,,,,,,6874.00,0.01,,,,,16:17:09,
2023-08-11 16:17:21.635045,df,,,MCX,253460,,,,,1691750841,6623,6866,,727,482,,6876.00,,6877.00,,6878.00,,6879.00,,6880.00,,2,,7,14,16,6,8,19,,,,,5,,5,5,5,8,,,,,,6875.00,0.03,,,,6857.63,16:17:21,
2023-08-11 16:17:41.216278,df,,,MCX,253460,,,,,1691750861,6625,,2,,478,,,,,,,,,,,,7,,16,17,,11,,,,,7,,7,6,,5,,,,,,,,6877.00,0.06,,,,,16:17:41,
2023-08-11 16:17:52.813073,df,,,MCX,253460,,,,,1691750872,6626,6865,1,738,483,,6876.00,,6877.00,,6878.00,,6879.00,,6880.00,,4,4,5,8,14,28,7,7,12,2,4,2,5,3,5,8,4,4,8,,,,,6875.00,0.03,,,,,16:17:52,
2023-08-11 16:18:36.565781,df,,,MCX,253460,,,,,1691750916,6630,6866,,736,,,,,,,,,,,,2,,,,,,,,19,,1,,,,,,,,8,,,,,,6874.00,0.01,,,,,16:18:36,
2023-08-11 16:19:32.820507,df,,,MCX,253460,,,,,1691750972,6632,6868,,740,475,6876.00,6877.00,6875.00,6878.00,6874.00,6879.00,6873.00,6880.00,6872.00,6881.00,5,,7,6,24,17,7,9,14,10,2,,5,5,6,7,5,,8,9,,,,,6875.00,0.03,,,,,16:19:32,
2023-08-11 16:19:33.136551,df,,,MCX,253460,,,,,1691750973,6633,6869,,735,472,,6878.00,,6879.00,,6880.00,,6881.00,,6882.00,10,,8,9,15,16,8,7,13,12,6,,,6,,,6,5,7,10,,,,,6877.00,0.06,,,,,,
2023-08-11 16:19:37.951602,df,,,MCX,253460,,,,,1691750977,6634,6870,,753,,,,,,,,,,,,11,,,10,,19,,10,,12,,,,10,,8,,6,,10,,,,,6876.00,0.04,,,,6857.66,16:19:37,
2023-08-11 16:19:47.240522,df,,,MCX,253460,,,,,1691750987,6635,6871,,765,467,6879.00,6880.00,6878.00,6881.00,6877.00,6882.00,6876.00,6883.00,6875.00,6884.00,6,4,18,7,9,22,19,9,7,16,6,4,,5,6,12,7,8,4,11,,,,,6879.00,0.09,,,,,16:19:47,
2023-08-11 16:19:47.961705,df,,,MCX,253460,,,,,1691750987,6642,6868,,756,459,6881.00,6883.00,6880.00,6884.00,6879.00,6885.00,6878.00,6886.00,6877.00,6887.00,8,6,29,17,6,10,12,13,4,18,7,3,6,,,9,4,10,2,13,,,,,6882.00,0.13,,,,6857.68,,
2023-08-11 16:20:01.778783,df,,,MCX,253460,,,,,1691751001,6650,6863,2,733,496,6880.00,6882.00,6879.00,6883.00,6878.00,6884.00,6877.00,6885.00,6876.00,6886.00,4,8,,22,13,16,6,20,20,6,2,5,,11,4,9,,9,9,3,,,,,6881.00,0.12,,,,6857.71,16:20:01,
2023-08-11 16:20:39.846433,df,,,MCX,253460,,,,,1691751039,6654,6864,,711,494,6877.00,,6876.00,,6875.00,,6874.00,,6873.00,,5,3,7,,17,,10,,19,14,3,2,6,,,,7,,8,10,,,,,6878.00,0.07,,,,6857.73,16:20:39,
2023-08-11 16:21:14.077892,df,,,MCX,253460,,,,,1691751073,6657,6864,,699,504,,,,,,,,,,,5,3,,,,,,,,,3,3,,,,,,,,,,,,,6877.00,0.06,,,,,16:21:13,
2023-08-11 16:21:30.016890,df,,,MCX,253460,,,,,1691751090,6659,6865,,,,,,,,,,,,,,,,,,,,,,,,,2,,,,,,,,,,,,,6878.00,0.07,,,,6857.74,16:21:30,
2023-08-11 16:21:59.709588,df,,,MCX,253460,,,,,1691751119,6660,6866,,718,489,6877.00,6879.00,6876.00,6880.00,6875.00,6881.00,6874.00,6882.00,6873.00,6883.00,10,3,6,16,19,10,7,12,10,9,6,3,5,8,8,9,4,9,,6,,,,,6877.00,0.06,,,,,16:21:59,
2023-08-11 16:22:15.020360,df,,,MCX,253460,,,,,1691751134,6661,,,700,506,,,,,,,,,,,4,7,,,,,,,,,,4,,,,,,,,,,,,,6876.00,0.04,,,,6857.75,16:22:14,
2023-08-11 16:22:24.746548,df,,,MCX,253460,,,,,1691751144,6664,,,697,498,6874.00,,6873.00,,6872.00,,6871.00,,6870.00,,5,5,25,8,8,4,15,14,9,10,3,5,6,7,4,3,5,6,7,9,,,,,6875.00,0.03,,,,,,
2023-08-11 16:22:29.551099,df,,,MCX,253460,,,,,1691751149,6665,,,684,512,,,,,,,,,,,2,8,,17,15,,,,,,1,,,8,6,,,,,,,,,,6873.00,0.00,,,,6857.76,16:22:29,
2023-08-11 16:23:03.463294,df,,,MCX,253460,,,,,1691751183,6669,6867,,,,,,,,,,,,,,,,20,,14,,21,,5,,6,,8,,5,,8,,4,,,,,,6875.00,0.03,,,,6857.77,16:23:03,
2023-08-11 16:23:19.298307,dk,2,1,MCX,253460,CRUDEOIL21AUG23,100,1.00,6873.00,1691751198,6669,6867,1,712,495,6875.00,6877.00,6874.00,6878.00,6873.00,6879.00,6872.00,6880.00,6871.00,6881.00,7,3,7,8,25,17,11,8,16,11,4,3,5,5,7,7,7,6,6,10,7028.00,5574.00,7147.00,6599.00,6875.00,0.03,6862.00,6890.00,6814.00,6857.77,16:23:03,
2023-08-11 16:24:14.692543,dk,2,1,MCX,253460,CRUDEOIL21AUG23,100,1.00,6873.00,1691751254,6669,6867,1,713,511,6875.00,6876.00,6874.00,6877.00,6873.00,6878.00,6872.00,6879.00,6871.00,6880.00,4,1,18,9,15,8,27,16,4,16,4,1,8,6,4,6,7,6,3,9,7028.00,5574.00,7147.00,6599.00,6875.00,0.03,6862.00,6890.00,6814.00,6857.77,16:23:03,
2023-08-11 16:24:15.306517,df,,,MCX,253460,,,,,1691751255,6670,,,723,502,6876.00,6877.00,6875.00,6878.00,6874.00,6879.00,6873.00,6880.00,6872.00,6881.00,3,3,20,5,20,7,5,23,27,20,3,,9,5,8,5,4,9,7,11,,,,,6876.00,0.04,,,,,16:24:14,
2023-08-11 16:25:36.603746,df,,,MCX,253460,,,,,1691751336,6676,,,680,518,6874.00,6875.00,6873.00,6876.00,6872.00,6877.00,6871.00,6878.00,6870.00,6879.00,,9,4,,,5,8,13,16,8,,6,3,6,3,5,5,10,6,6,,,,,6875.00,0.03,,,,,16:25:36,
2023-08-11 16:26:28.276940,df,,,MCX,253460,,,,,1691751388,6684,6863,,706,526,6873.00,6874.00,6872.00,6875.00,6871.00,6876.00,6870.00,6877.00,6869.00,6878.00,10,1,9,,13,14,19,29,15,9,6,1,4,,,6,8,8,5,,,,,,6874.00,0.01,,,,6857.80,16:26:28,
2023-08-11 16:26:42.114444,df,,,MCX,253460,,,,,1691751401,6688,,,681,541,6870.00,6872.00,6869.00,6873.00,6868.00,6874.00,6867.00,6875.00,6866.00,6876.00,,4,18,15,11,12,9,31,16,6,4,3,7,5,6,,6,10,,5,,,,,6872.00,-0.01,,,,6857.81,16:26:41,
2023-08-11 16:26:59.261115,dk,2,1,MCX,253460,CRUDEOIL21AUG23,100,1.00,6873.00,1691751419,6688,6863,1,688,523,6870.00,6872.00,6869.00,6873.00,6868.00,6874.00,6867.00,6875.00,6866.00,6876.00,6,5,6,18,22,10,8,13,17,7,6,4,3,7,8,6,5,11,8,5,7028.00,5574.00,7147.00,6599.00,6872.00,-0.01,6862.00,6890.00,6814.00,6857.81,16:26:41,
2023-08-11 16:27:02.347047,df,,,MCX,253460,,,,,1691751422,6693,6861,,665,544,6868.00,6870.00,6867.00,6871.00,6866.00,6872.00,6865.00,6873.00,6864.00,6874.00,6,4,,15,18,,9,34,4,10,2,3,,6,8,6,9,10,4,7,,,,,6870.00,-0.04,,,,6857.82,16:27:01,
2023-08-11 16:27:05.353617,df,,,MCX,253460,,,,,1691751424,6697,6858,,696,511,6870.00,6872.00,6869.00,6873.00,6868.00,6874.00,6867.00,6875.00,6866.00,6876.00,2,15,7,8,21,12,7,,9,12,1,7,4,6,6,7,4,10,7,,,,,,6872.00,-0.01,,,,6857.83,16:27:04,
2023-08-11 16:27:35.401585,df,,,MCX,253460,,,,,1691751455,6699,,,707,499,6872.00,6874.00,6871.00,6875.00,6870.00,6876.00,6869.00,6877.00,6868.00,6878.00,5,7,5,17,22,,8,9,24,10,,5,4,8,11,6,6,7,8,,,,,,6873.00,0.00,,,,,16:27:35,
2023-08-11 16:27:59.426402,df,,,MCX,253460,,,,,1691751479,6702,6858,,701,501,,,,,,,,,,,3,8,,,,,,,,,3,6,,,,,,,,,,,,,6874.00,0.01,,,,,16:27:59,
2023-08-11 16:28:01.235384,df,,,MCX,253460,,,,,1691751481,6722,6860,,752,455,6877.00,6879.00,6876.00,6880.00,6875.00,6881.00,6874.00,6882.00,6873.00,6883.00,16,1,18,9,3,15,20,13,8,12,9,1,10,,3,9,7,12,6,8,,,,,6878.00,0.07,,,,6857.90,16:28:00,
2023-08-11 16:28:11.669978,df,,,MCX,253460,,,,,1691751491,6724,,,706,505,6876.00,6878.00,6875.00,6879.00,6874.00,6880.00,6873.00,6881.00,6872.00,6882.00,,2,15,19,7,13,8,38,7,9,4,1,,10,5,,4,11,,8,,,,,6877.00,0.06,,,,,16:28:11,
2023-08-11 16:28:14.277728,df,,,MCX,253460,,,,,1691751494,6725,6859,,702,488,,,,,,,,,,,5,7,,21,,14,,,,,3,5,,12,,7,,,,,,,,,6878.00,0.07,,,,6857.91,16:28:13,
2023-08-11 16:28:19.087512,df,,,MCX,253460,,,,,1691751498,6736,,,712,470,6879.00,6880.00,6878.00,6881.00,6877.00,6882.00,6876.00,6883.00,6875.00,6884.00,6,,9,19,12,9,7,10,6,8,3,2,6,,4,5,5,7,,8,,,,,6880.00,0.10,,,,6857.94,,
2023-08-11 16:28:19.489935,df,,,MCX,253460,,,,,1691751499,6738,,,711,480,6878.00,,6877.00,,6876.00,,6875.00,,6874.00,,9,7,13,23,10,13,6,9,10,6,6,4,4,10,7,7,,6,8,6,,,,,6879.00,0.09,,,,6857.95,16:28:19,
2023-08-11 16:28:20.088923,df,,,MCX,253460,,,,,1691751499,6740,6860,,705,489,6877.00,6879.00,6876.00,6880.00,6875.00,6881.00,6874.00,6882.00,6873.00,6883.00,6,12,20,11,5,23,9,6,8,8,4,10,9,6,4,8,7,,5,5,,,,,6878.00,0.07,,,,,,
2023-08-11 16:29:58.245032,df,,,MCX,253460,,,,,1691751598,6766,6874,1,747,458,6881.00,6883.00,6880.00,6884.00,6879.00,6885.00,6878.00,6886.00,6877.00,6887.00,10,2,25,7,4,16,16,12,10,17,,2,6,4,3,11,,7,6,12,,,,,6882.00,0.13,,,,6858.03,16:29:57,
2023-08-11 16:30:09.076140,df,,,MCX,253460,,,,,1691751608,6771,6869,2,734,485,6879.00,6881.00,6878.00,6882.00,6877.00,6883.00,6876.00,6884.00,6875.00,6885.00,13,8,17,9,18,18,8,8,9,9,5,5,,6,5,,,5,5,8,,,,,6881.00,0.12,,,,6858.05,16:30:08,
2023-08-11 16:30:18.813553,df,,,MCX,253460,,,,,1691751618,6772,6870,1,738,480,,6881.00,,6882.00,,6883.00,,6884.00,,6885.00,1,2,,10,17,17,,9,,12,1,1,,7,5,7,,6,,10,,,,,6880.00,0.10,,,,,16:30:18,
2023-08-11 16:30:29.440874,df,,,MCX,253460,,,,,1691751629,6773,,,728,475,,6882.00,,6883.00,,6884.00,,6885.00,,6886.00,,8,,18,9,9,,11,,8,,6,,8,6,6,,9,,7,,,,,6881.00,0.12,,,,6858.06,16:30:29,
2023-08-11 16:30:41.945083,df,,,MCX,253460,,,,,1691751641,6774,,,726,,,,,,,,,,,,1,7,,,,,,,,,1,5,,,,,,,,,,,,,6880.00,0.10,,,,,16:30:41,
2023-08-11 16:30:42.937743,df,,,MCX,253460,,,,,1691751642,6776,,,731,483,,,,,,,,,,,11,4,16,12,,17,9,,19,,5,3,6,7,,7,5,,6,,,,,,6881.00,0.12,,,,6858.07,,
2023-08-11 16:31:03.197061,df,,,MCX,253460,,,,,1691751663,6777,6868,,,,,,,,,,,,,,,2,,9,,,,,,,,,,,,,,,,,,,,,6878.00,0.07,,,,,16:31:02,
2023-08-11 16:31:38.167640,df,,,MCX,253460,,,,,1691751698,6781,6867,,697,516,6875.00,6876.00,6874.00,6877.00,6873.00,6878.00,6872.00,6879.00,6871.00,6880.00,,2,16,8,17,12,6,14,11,8,3,,,4,7,5,5,8,,5,,,,,6876.00,0.04,,,,6858.08,16:31:38,
2023-08-11 16:31:51.509715,df,,,MCX,253460,,,,,1691751711,6782,,,723,511,,,,,,,,,,,19,,18,,10,17,,,,,5,,7,,6,8,,,,,,,,,6875.00,0.03,,,,,16:31:51,
2023-08-11 16:32:31.004158,df,,,MCX,253460,,,,,1691751750,6791,6865,,728,506,6875.00,6876.00,6874.00,6877.00,6873.00,6878.00,6872.00,6879.00,6871.00,6880.00,2,1,,7,31,11,10,12,20,10,1,,7,,10,6,,,,,,,,,6876.00,0.04,,,,6858.11,16:32:30,
2023-08-11 16:32:47.578036,df,,,MCX,253460,,,,,1691751767,6793,6864,,738,499,,6877.00,,6878.00,,6879.00,,6880.00,,6881.00,15,2,34,5,15,17,15,10,9,9,11,2,12,5,12,8,,7,,6,,,,,6877.00,0.06,,,,,16:32:47,
2023-08-11 16:33:30.756511,df,,,MCX,253460,,,,,1691751810,6795,,,774,447,6882.00,6883.00,6881.00,6884.00,6880.00,6885.00,6879.00,6886.00,6878.00,6887.00,1,1,14,6,22,,23,6,7,21,1,1,6,2,17,10,5,,4,16,,,,,6880.00,0.10,,,,6858.12,16:33:30,
2023-08-11 16:33:36.918782,df,,,MCX,253460,,,,,1691751816,6798,6865,,773,457,6884.00,,6883.00,,6882.00,,6881.00,,6880.00,,16,8,1,11,12,17,27,15,6,8,13,4,1,,7,12,10,10,4,6,,,,,6885.00,0.17,,,,6858.13,16:33:36,
2023-08-11 16:33:37.317432,df,,,MCX,253460,,,,,1691751817,6812,6853,,752,475,6882.00,6884.00,6881.00,6885.00,6880.00,6886.00,6879.00,6887.00,6878.00,6888.00,9,6,16,15,16,16,4,19,19,12,6,5,7,9,6,9,3,14,7,7,,,,,6882.00,0.13,,,,6858.18,,
2023-08-11 16:33:41.326590,df,,,MCX,253460,,,,,1691751820,6813,6852,,755,466,,6885.00,,6886.00,,6887.00,,6888.00,,6889.00,,13,27,17,7,16,,15,,10,,8,10,10,4,11,,10,,8,,,,,6884.00,0.16,,,,6858.19,16:33:40,
2023-08-11 16:33:43.129380,df,,,MCX,253460,,,,,1691751822,6815,,,733,487,,,,,,,,,,,3,13,7,,14,,,,28,,2,9,3,,5,,,,9,,,,,,6881.00,0.12,,,,,16:33:42,
2023-08-11 16:33:45.554385,df,,,MCX,253460,,,,,1691751825,6816,,,750,,,,,,,,,,,,,,10,,,,,,28,,,,5,,,,,,9,,,,,,6882.00,0.13,,,,6858.20,16:33:45,
2023-08-11 16:33:52.894103,df,,,MCX,253460,,,,,1691751832,6820,6854,,,499,,,,,,,,,,,6,8,23,,,,,,,,4,5,5,,,,,,,,,,,,6880.00,0.10,,,,6858.21,16:33:52,
2023-08-11 16:33:53.347612,df,,,MCX,253460,,,,,1691751833,6821,,,733,498,,,,,,,,,,,8,7,25,,,,,,,,5,,6,,,,,,,,,,,,6881.00,0.12,,,,,16:33:53,
2023-08-11 16:33:58.207678,df,,,MCX,253460,,,,,1691751838,6824,,,737,497,,,,,,,,,,,6,5,30,,,,,,,,2,5,8,,,,,,,,,,,,6879.00,0.09,,,,6858.22,16:33:58,
2023-08-11 16:34:10.394736,df,,,MCX,253460,,,,,1691751850,6825,6855,,,,,,,,,,,,,,16,,21,,9,,22,,,,4,,8,,6,,10,,,,,,,,6881.00,0.12,,,,,16:34:10,
2023-08-11 16:34:14.772050,df,,,MCX,253460,,,,,1691751854,6826,6856,,730,491,6879.00,,6878.00,,6877.00,,6876.00,,6875.00,,19,,22,8,12,,19,17,9,,9,,9,4,9,,7,10,,,,,,,6880.00,0.10,,,,6858.23,16:34:14,
2023-08-11 16:34:18.242393,df,,,MCX,253460,,,,,1691751858,6831,6861,,746,483,6881.00,6883.00,6880.00,6884.00,6879.00,6885.00,6878.00,6886.00,6877.00,6887.00,8,7,20,16,18,13,13,8,20,18,4,6,8,9,5,8,10,5,8,13,,,,,6881.00,0.12,,,,6858.24,16:34:18,
2023-08-11 16:34:29.629102,df,,,MCX,253460,,,,,1691751869,6848,6844,,727,490,6881.00,6882.00,6880.00,6883.00,6879.00,6884.00,6878.00,6885.00,6877.00,6886.00,2,4,6,21,17,,11,,9,9,1,1,4,9,6,6,8,7,6,6,,,,,6882.00,0.13,,,,6858.30,16:34:29,
2023-08-11 16:34:37.253578,df,,,MCX,253460,,,,,1691751876,6849,6843,,,472,,,,,,,,,,,,7,,,19,,10,,20,,,,,,8,,7,,8,,,,,,6884.00,0.16,,,,6858.31,16:34:36,
2023-08-11 16:35:23.528704,df,,,MCX,253460,,,,,1691751923,6855,,2,727,486,,,,,,,,,,,3,7,8,19,,,13,8,19,19,2,5,6,8,,,10,5,,14,,,,,6881.00,0.12,,,,6858.33,16:35:23,
2023-08-11 16:35:26.965649,df,,,MCX,253460,,,,,1691751926,6856,,1,,485,,,,,,,,,,,,6,8,,18,,,,19,,,,6,,7,,,,7,,,,,,6883.00,0.15,,,,,16:35:26,
2023-08-11 16:35:59.209638,df,,,MCX,253460,,,,,1691751959,6861,6846,,733,457,6884.00,6885.00,6883.00,6886.00,6882.00,6887.00,6881.00,6888.00,6880.00,6889.00,3,3,5,11,17,,10,5,10,5,2,,4,3,7,7,8,4,8,3,,,,,6885.00,0.17,,,,6858.35,16:35:59,
2023-08-11 16:36:14.440318,df,,,MCX,253460,,,,,1691751974,6866,6842,,743,498,,,,,,,,,,,8,11,6,14,5,33,20,10,11,9,,,4,8,3,8,10,6,9,4,,,,,6884.00,0.16,,,,6858.37,16:36:14,
2023-08-11 16:36:16.344026,df,,,MCX,253460,,,,,1691751976,6868,6840,,735,498,,,,,,,,,,,,11,,,9,,,,,,,,,,5,,,,,,,,,,6885.00,0.17,,,,6858.38,16:36:16,
2023-08-11 16:36:19.317499,df,,,MCX,253460,,,,,1691751979,6883,6825,,727,502,6883.00,6884.00,6882.00,6885.00,6881.00,6886.00,6880.00,6887.00,6879.00,6888.00,4,5,6,15,12,9,21,33,11,10,3,4,4,5,7,7,11,8,8,,,,,,6884.00,0.16,,,,6858.43,16:36:19,
2023-08-11 16:36:28.265695,df,,,MCX,253460,,,,,1691751988,6884,,,741,486,6882.00,,6881.00,,6880.00,,6879.00,,6878.00,,14,6,14,16,9,,,17,,9,6,5,9,6,7,,9,9,,5,,,,,6883.00,0.15,,,,6858.44,16:36:27,
2023-08-11 16:36:33.278949,df,,,MCX,253460,,,,,1691751993,6885,6826,,721,493,6881.00,6883.00,6880.00,6884.00,6879.00,6885.00,6878.00,6886.00,6877.00,6887.00,9,9,10,15,19,6,9,9,19,17,6,5,,6,8,4,6,7,8,9,,,,,6882.00,0.13,,,,,16:36:33,
2023-08-11 16:36:45.910977,df,,,MCX,253460,,,,,1691752005,6886,6827,,,474,,,,,,,,,,,,1,,,,,,,,,,,,,,,,,,,,,,,6884.00,0.16,,,,,16:36:45,
2023-08-11 16:36:48.534271,df,,,MCX,253460,,,,,1691752008,6889,6825,,740,469,6884.00,6885.00,6883.00,6886.00,6882.00,6887.00,6881.00,6888.00,6880.00,6889.00,8,2,13,11,19,17,9,9,,,6,2,,7,8,7,,5,7,5,,,,,6885.00,0.17,,,,6858.45,16:36:48,
2023-08-11 16:36:55.127595,df,,,MCX,253460,,,,,1691752015,6891,6823,,726,476,,,,,,,,,,,2,8,5,15,7,14,18,10,9,9,2,7,3,6,3,6,7,6,7,4,,,,,6884.00,0.16,,,,6858.46,16:36:55,
2023-08-11 16:37:38.852366,df,,,MCX,253460,,,,,1691752058,6897,6819,,716,514,6882.00,6883.00,6881.00,6884.00,6880.00,6885.00,6879.00,6886.00,6878.00,6887.00,4,1,11,,18,13,10,43,9,10,2,1,8,5,8,8,7,9,6,,,,,,6883.00,0.15,,,,,16:37:38,
2023-08-11 16:39:05.420114,df,,,MCX,253460,,,,,1691752145,6899,6817,2,731,503,6881.00,,6880.00,,6879.00,,6878.00,,6877.00,,2,3,7,,30,,11,,,,1,1,4,,9,,7,,7,,,,,,6882.00,0.13,,,,6858.49,16:39:05,
2023-08-11 16:39:21.046414,df,,,MCX,253460,,,,,1691752160,6902,6816,,707,,,6881.00,,6882.00,,6883.00,,6884.00,,6885.00,,4,13,14,18,14,9,8,,12,,4,9,9,,9,6,4,,9,,,,,6879.00,0.09,,,,6858.50,16:39:20,
2023-08-11 16:39:37.071454,df,,,MCX,253460,,,,,1691752176,6905,6817,,697,492,,6881.00,,6882.00,,6883.00,,6884.00,,6885.00,7,5,,13,7,14,,9,,12,4,4,,9,5,,,5,,9,,,,,6880.00,0.10,,,,,16:39:36,
2023-08-11 16:39:53.239032,df,,,MCX,253460,,,,,1691752193,6907,6818,,697,506,6878.00,6879.00,6877.00,6880.00,6876.00,6881.00,6875.00,6882.00,6874.00,6883.00,16,8,21,2,9,11,13,12,17,14,6,1,10,1,,7,9,8,7,9,,,,,6879.00,0.09,,,,,16:39:53,
2023-08-11 16:40:02.067905,dk,2,1,MCX,253460,CRUDEOIL21AUG23,100,1.00,6873.00,1691752201,6907,6818,1,699,511,6877.00,6879.00,6876.00,6880.00,6875.00,6881.00,6874.00,6882.00,6873.00,6883.00,3,10,34,5,8,22,18,7,7,10,3,3,14,3,6,10,8,7,6,9,7028.00,5574.00,7147.00,6599.00,6879.00,0.09,6862.00,6890.00,6814.00,6858.51,16:39:53,
2023-08-11 16:40:03.451048,df,,,MCX,253460,,,,,1691752202,6908,,,700,,,6878.00,,6879.00,,6880.00,,6881.00,,6882.00,4,7,,2,9,10,,20,,8,,1,,2,7,5,,8,,8,,,,,6878.00,0.07,,,,6858.52,16:40:02,
2023-08-11 16:40:04.486408,df,,,MCX,253460,,,,,1691752204,6910,6819,,702,,,,,,,,,,,,7,,,,,,,,,,5,,,,,,,,,,,,,,6877.00,0.06,,,,,16:40:04,
2023-08-11 16:40:10.694227,df,,,MCX,253460,,,,,1691752210,6917,6824,,697,497,6878.00,6880.00,6877.00,6881.00,6876.00,6882.00,6875.00,6883.00,6874.00,6884.00,4,4,11,10,19,18,10,9,17,10,3,4,9,6,8,10,,8,7,6,,,,,6880.00,0.10,,,,6858.54,16:40:10,
2023-08-11 16:40:32.924041,df,,,MCX,253460,,,,,1691752232,6931,6813,,704,518,6877.00,6878.00,6876.00,6879.00,6875.00,6880.00,6874.00,6881.00,6873.00,6882.00,6,1,5,23,11,15,17,10,9,7,4,1,4,10,10,,,6,8,7,,,,,6878.00,0.07,,,,6858.58,16:40:32,
2023-08-11 16:40:32.931037,df,,,MCX,253460,,,,,1691752232,6933,6815,,708,560,6876.00,6877.00,6875.00,6878.00,6874.00,6879.00,6873.00,6880.00,6872.00,6881.00,,7,7,19,27,19,8,9,10,5,6,4,6,11,9,10,,,9,5,,,,,6877.00,0.06,,,,6858.59,,
2023-08-11 16:40:33.927184,df,,,MCX,253460,,,,,1691752233,6934,6814,,709,516,6875.00,,6874.00,,6873.00,,6872.00,,6871.00,,2,9,8,,20,9,9,8,8,10,2,6,4,9,8,7,5,5,7,7,,,,,6876.00,0.04,,,,,,
2023-08-11 16:40:37.533421,df,,,MCX,253460,,,,,1691752237,6935,,,699,545,6873.00,6875.00,6872.00,6876.00,6871.00,6877.00,6870.00,6878.00,6869.00,6879.00,8,5,12,16,14,9,8,39,9,12,5,,8,7,,,7,9,8,9,,,,,6875.00,0.03,,,,,16:40:37,
2023-08-11 16:40:39.140385,df,,,MCX,253460,,,,,1691752238,6936,,,702,,,,,,,,,,,,8,5,11,17,14,,,,,,5,5,7,8,5,,,,,,,,,,6873.00,0.00,,,,6858.60,16:40:38,
2023-08-11 16:40:41.747237,df,,,MCX,253460,,,,,1691752241,6937,6815,,,501,6874.00,,6873.00,,6872.00,,6871.00,,6870.00,,9,19,12,10,20,,10,,8,,6,8,8,7,8,,6,,7,,,,,,6876.00,0.04,,,,,16:40:41,
2023-08-11 16:40:42.349053,df,,,MCX,253460,,,,,1691752242,6938,,,716,502,,6876.00,,6877.00,,6878.00,,6879.00,,6880.00,10,2,11,18,,10,,11,,9,7,1,7,,,7,,8,,6,,,,,6877.00,0.06,,,,,,
2023-08-11 16:40:54.178090,df,,,MCX,253460,,,,,1691752254,6941,,,759,479,6877.00,6879.00,6876.00,6880.00,6875.00,6881.00,6874.00,6882.00,6873.00,6883.00,8,4,23,17,9,,17,9,22,10,8,3,10,,6,6,,7,9,8,,,,,6878.00,0.07,,,,,16:40:54,
2023-08-11 16:41:10.702202,dk,2,1,MCX,253460,CRUDEOIL21AUG23,100,1.00,6873.00,1691752269,6942,6814,1,754,479,6879.00,6881.00,6878.00,6882.00,6877.00,6883.00,6876.00,6884.00,6875.00,6885.00,6,18,10,14,17,9,9,9,8,9,3,10,6,6,8,7,5,5,6,9,7028.00,5574.00,7147.00,6599.00,6878.00,0.07,6862.00,6890.00,6814.00,6858.61,16:40:59,
2023-08-11 16:41:27.620227,df,,,MCX,253460,,,,,1691752287,6943,6815,,773,464,6881.00,,6880.00,,6879.00,,6878.00,,6877.00,,2,1,7,20,20,,6,,11,,1,1,4,10,8,,4,,7,,,,,,6882.00,0.13,,,,6858.62,16:41:27,
2023-08-11 16:41:32.297624,dk,2,1,MCX,253460,CRUDEOIL21AUG23,100,1.00,6873.00,1691752292,6943,6815,1,761,479,6879.00,6881.00,6878.00,6882.00,6877.00,6883.00,6876.00,6884.00,6875.00,6885.00,6,3,17,17,11,14,9,8,18,14,4,2,7,10,7,8,5,4,7,11,7028.00,5574.00,7147.00,6599.00,6882.00,0.13,6862.00,6890.00,6814.00,6858.62,16:41:27,
2023-08-11 16:41:46.015715,df,,,MCX,253460,,,,,1691752305,6946,6813,,785,455,6881.00,6882.00,6880.00,6883.00,6879.00,6884.00,6878.00,6885.00,6877.00,6886.00,28,1,7,6,15,,7,8,11,8,14,1,4,6,7,5,4,8,7,7,,,,,6881.00,0.12,,,,6858.63,16:41:45,
2023-08-11 16:41:46.095003,df,,,MCX,253460,,,,,1691752305,6947,6814,,788,451,6882.00,6883.00,6881.00,6884.00,6880.00,6885.00,6879.00,6886.00,6878.00,6887.00,22,2,14,4,16,,4,11,6,15,11,2,9,3,6,10,,6,4,10,,,,,6882.00,0.13,,,,,,
2023-08-11 16:41:46.442243,df,,,MCX,253460,,,,,1691752306,6953,6815,,763,464,,,,,,,,,,,6,1,8,14,7,16,6,6,20,11,5,1,7,9,4,,5,5,8,6,,,,,6883.00,0.15,,,,6858.65,16:41:46,
2023-08-11 16:41:51.993174,df,,,MCX,253460,,,,,1691752312,6956,6818,,,478,,,,,,,,,,,,5,,,,,,,,10,,5,,,,,,,,7,,,,,6882.00,0.13,,,,6858.66,16:41:52,
2023-08-11 16:42:05.463890,df,,,MCX,253460,,,,,1691752325,6957,6819,,754,480,6879.00,6881.00,6878.00,6882.00,6877.00,6883.00,6876.00,6884.00,6875.00,6885.00,17,1,,5,10,20,20,7,14,11,6,1,6,5,,9,7,5,12,9,,,,,6881.00,0.12,,,,,16:42:05,
2023-08-11 16:43:25.094270,df,,,MCX,253460,,,,,1691752405,6966,,1,748,479,6881.00,,6880.00,,6879.00,,6878.00,,6877.00,,2,1,10,5,19,17,10,,5,,1,1,5,4,,7,8,,4,,,,,,6882.00,0.13,,,,,16:43:25,
2023-08-11 16:43:54.360249,df,,,MCX,253460,,,,,1691752434,6973,6825,,786,448,6886.00,6887.00,6885.00,6888.00,6884.00,6889.00,6883.00,6890.00,6882.00,6891.00,2,7,9,19,27,7,20,12,5,6,,3,4,,7,5,7,7,4,5,,,,,6886.00,0.19,,,,6858.72,16:43:54,
2023-08-11 16:43:56.767927,df,,,MCX,253460,,,,,1691752436,6978,,2,773,447,,,,,,,,,,,7,2,32,9,10,10,10,18,5,,5,2,8,4,7,6,6,7,3,,,,,,6887.00,0.20,,,,6858.74,16:43:56,
2023-08-11 16:43:57.990982,df,,,MCX,253460,,,,,1691752437,6979,6826,1,769,450,,,,,,,,,,,6,,11,10,27,20,10,10,5,,4,,5,5,7,9,6,6,3,,,,,,6886.00,0.19,,,,,16:43:57,
2023-08-11 16:43:59.191238,df,,,MCX,253460,,,,,1691752439,6980,,,776,451,,,,,,,,,,,4,1,10,,28,,,,,,2,1,4,,8,,,,,,,,,,6887.00,0.20,,,,6858.75,16:43:59,
2023-08-11 16:44:01.066513,df,,,MCX,253460,,,,,1691752441,6987,,,768,439,6887.00,6888.00,6886.00,6889.00,6885.00,6890.00,6884.00,6891.00,6883.00,6892.00,5,2,4,8,28,12,7,,18,4,5,,2,,,5,5,,6,,,,,,6888.00,0.22,,,,6858.78,16:44:00,
2023-08-11 16:44:02.179823,df,,,MCX,253460,,,,,1691752442,6994,,,772,432,6889.00,6890.00,6888.00,6891.00,6887.00,6892.00,6886.00,6893.00,6885.00,6894.00,3,3,4,9,28,11,6,7,20,5,1,2,3,,9,,5,6,6,4,,,,,6889.00,0.23,,,,6858.81,16:44:01,
2023-08-11 16:44:09.823089,df,,,MCX,253460,,,,,1691752449,7000,6824,,777,429,,6892.00,,6893.00,,6894.00,,6895.00,,6896.00,,7,19,18,17,6,8,11,21,7,3,4,7,7,6,,5,8,7,6,,,,,6892.00,0.28,,6892.00,,6858.83,16:44:09,
2023-08-11 16:44:10.199856,df,,,MCX,253460,,,,,1691752450,7004,6822,,761,438,,6891.00,,6892.00,,6893.00,,6894.00,,6895.00,2,6,9,6,16,19,7,9,,12,2,,5,4,7,8,4,6,,9,,,,,6890.00,0.25,,,,6858.85,,
2023-08-11 16:44:15.756570,df,,,MCX,253460,,,,,1691752455,7005,6821,,,441,,,,,,,,,,,,5,,12,,13,,,,,,,,6,,6,,,,,,,,,6891.00,0.26,,,,6858.86,16:44:15,
2023-08-11 16:44:20.648155,df,,,MCX,253460,,,,,1691752460,7006,6822,,762,,,,,,,,,,,,,,3,13,8,14,18,,,14,,,,7,6,7,8,,,11,,,,,6890.00,0.25,,,,,16:44:20,
2023-08-11 16:44:46.286028,df,,,MCX,253460,,,,,1691752486,7016,,,745,470,6887.00,6888.00,6886.00,6889.00,6885.00,6890.00,6884.00,6891.00,6883.00,6892.00,1,3,,8,18,13,17,14,8,8,1,3,,8,5,6,6,9,5,7,,,,,6888.00,0.22,,,,,16:44:46,
2023-08-11 16:44:55.759439,df,,,MCX,253460,,,,,1691752495,7018,,,764,456,6888.00,,6887.00,,6886.00,,6885.00,,6884.00,,12,2,21,6,17,16,7,9,,9,6,2,11,4,,9,4,5,5,6,,,,,6889.00,0.23,,,,6858.91,16:44:55,
2023-08-11 16:44:56.496059,df,,,MCX,253460,,,,,1691752496,7020,,,752,450,,6890.00,,6891.00,,6892.00,,6893.00,,6894.00,13,3,,13,5,11,,,18,6,7,,11,8,4,6,,6,5,3,,,,,6890.00,0.25,,,,6858.92,16:44:56,
2023-08-11 16:45:03.416628,df,,,MCX,253460,,,,,1691752503,7028,6819,2,759,446,,6891.00,,6892.00,,6893.00,,6894.00,,6895.00,15,12,18,11,9,9,,6,,14,9,7,9,6,6,,,3,,9,,,,,6891.00,0.26,,,,6858.96,16:45:03,
2023-08-11 16:45:04.720082,df,,,MCX,253460,,,,,1691752504,7036,6820,3,,460,,,,,,,,,,,,13,8,13,15,,,,8,,,7,7,8,6,,,,4,,,,,,6890.00,0.25,,,,6858.99,16:45:04,
2023-08-11 16:45:23.553744,df,,,MCX,253460,,,,,1691752523,7052,,,756,433,6890.00,6892.00,6889.00,6893.00,6888.00,6894.00,6887.00,6895.00,6886.00,6896.00,11,4,,11,9,8,,11,8,2,7,3,10,5,7,5,6,6,,1,,,,,6892.00,0.28,,6893.00,,6859.07,16:45:23,
2023-08-11 16:45:25.159875,df,,,MCX,253460,,,,,1691752525,7054,6825,,776,437,,6894.00,,6895.00,,6896.00,,6897.00,,6898.00,13,15,15,11,14,5,14,7,16,6,13,7,10,6,7,2,10,4,6,4,,,,,6893.00,0.29,,,,6859.08,16:45:24,
2023-08-11 16:45:26.160989,df,,,MCX,253460,,,,,1691752526,7055,6826,,,500,,,,,,,,,,,,15,,15,,41,,,,6,,7,,10,,9,,,,3,,,,,6892.00,0.28,,,,,16:45:25,
2023-08-11 16:45:37.186243,df,,,MCX,253460,,,,,1691752537,7058,,,771,437,,6893.00,,6894.00,,6895.00,,6896.00,,6897.00,,2,9,14,,11,15,5,,,,1,9,8,,6,8,,,3,,,,,6893.00,0.29,,,,,16:45:37,
2023-08-11 16:45:47.413016,df,,,MCX,253460,,,,,1691752547,7066,6825,,758,455,6893.00,,6892.00,,6891.00,,6890.00,,6889.00,,1,11,4,,6,28,18,,9,,1,4,4,,5,5,10,,7,,,,,,6894.00,0.31,,6894.00,,6859.13,16:45:46,
2023-08-11 16:45:48.216967,df,,,MCX,253460,,,,,1691752548,7070,6829,,750,468,6892.00,6893.00,6891.00,6894.00,6890.00,6895.00,6889.00,6896.00,6888.00,6897.00,2,13,3,6,12,44,14,,10,3,2,5,3,4,7,9,11,,8,2,,,,,6893.00,0.29,,,,6859.15,16:45:47,
2023-08-11 16:45:50.638329,df,,,MCX,253460,,,,,1691752550,7072,6830,,745,468,6891.00,,6890.00,,6889.00,,6888.00,,6887.00,,,16,12,,10,41,13,,6,,1,8,8,,8,8,10,,5,,,,,,6892.00,0.28,,,,6859.16,16:45:50,
2023-08-11 16:46:04.358880,df,,,MCX,253460,,,,,1691752564,7079,6828,,764,437,,6893.00,,6894.00,,6895.00,,6896.00,,6897.00,10,12,,5,10,11,20,7,,2,7,4,,4,8,6,,4,,1,,,,,6893.00,0.29,,,,6859.19,16:46:04,
2023-08-11 16:46:06.267474,df,,,MCX,253460,,,,,1691752566,7082,6829,,,436,,,,,,,,,,,3,13,,,,,,,,,2,5,,,,,,,,,,,,,6894.00,0.31,,,,6859.21,16:46:06,
2023-08-11 16:46:29.829546,df,,,MCX,253460,,,,,1691752589,7100,6818,,787,427,,,,,,,,,,,7,2,,,,,9,,10,,7,2,11,,,,7,,6,,,,,,6895.00,0.32,,6895.00,,6859.30,16:46:29,
2023-08-11 16:46:40.774965,df,,,MCX,253460,,,,,1691752600,7119,6819,,759,452,,,,,,,,,,,,13,,9,23,9,,,,,,,,7,11,,,,,,,,,,6894.00,0.31,,,,,16:46:40,
2023-08-11 16:47:02.237918,df,,,MCX,253460,,,,,1691752621,7122,6821,,744,488,6892.00,6894.00,6891.00,6895.00,6890.00,6896.00,6889.00,6897.00,6888.00,6898.00,4,20,,4,21,41,9,11,11,10,,9,7,4,11,10,,4,10,7,,,,,6893.00,0.29,,,,6859.41,16:47:01,
2023-08-11 16:47:28.865845,df,,,MCX,253460,,,,,1691752648,7125,6822,,770,471,,,,,,,,,,,,12,12,12,,42,,5,,,,3,8,5,,9,,4,,,,,,,6895.00,0.32,,,,6859.42,16:47:28,
2023-08-11 16:47:41.399438,df,,,MCX,253460,,,,,1691752661,7141,6813,,769,436,6894.00,6896.00,6893.00,6897.00,6892.00,6898.00,6891.00,6899.00,6890.00,6900.00,10,8,10,9,19,9,4,8,,7,6,3,7,4,11,6,4,5,9,6,,,,,6896.00,0.33,,,,6859.51,16:47:41,
2023-08-11 16:48:15.463852,df,,,MCX,253460,,,,,1691752695,7149,,,,433,,,,,,,,,,,,,10,6,,,11,,,,,6,9,5,,,9,,,,,,,,6897.00,0.35,,,,6859.55,16:48:15,
2023-08-11 16:48:25.979062,df,,,MCX,253460,,,,,1691752705,7151,6810,,754,474,6894.00,6895.00,6893.00,6896.00,6892.00,6897.00,6891.00,6898.00,6890.00,6899.00,7,4,9,10,12,19,15,28,10,5,3,3,6,5,10,6,7,7,9,4,,,,,6895.00,0.32,,,,6859.56,16:48:25,
2023-08-11 16:48:33.278956,df,,,MCX,253460,,,,,1691752713,7152,6809,,745,466,6893.00,6894.00,6892.00,6895.00,6891.00,6896.00,6890.00,6897.00,6889.00,6898.00,2,1,13,11,10,27,17,5,11,6,2,1,9,4,,6,10,4,10,,,,,,6894.00,0.31,,,,,16:48:33,
2023-08-11 16:48:50.831972,df,,,MCX,253460,,,,,1691752730,7153,6810,,755,450,,,,,,,,,,,,12,11,,,,,,,,,,7,,,,,,,,,,,,6895.00,0.32,,,,6859.57,16:48:50,
2023-08-11 16:49:04.451133,df,,,MCX,253460,,,,,1691752744,7156,,,743,,6893.00,,6892.00,,6891.00,,6890.00,,6889.00,,,,8,,8,,19,,10,,2,,6,,6,,12,,9,,,,,,6894.00,0.31,,,,6859.58,16:49:04,
2023-08-11 16:49:06.860845,df,,,MCX,253460,,,,,1691752746,7157,6811,,736,492,6891.00,6893.00,6890.00,6894.00,6889.00,6895.00,6888.00,6896.00,6887.00,6897.00,,3,6,14,10,4,19,37,14,10,3,2,,7,9,4,12,7,11,7,,,,,6893.00,0.29,,,,6859.59,16:49:06,
2023-08-11 16:50:01.907794,df,,,MCX,253460,,,,,1691752801,7160,6812,,725,484,6890.00,6892.00,6889.00,6893.00,6888.00,6894.00,6887.00,6895.00,6886.00,6896.00,5,12,9,7,20,15,15,8,14,5,3,7,8,,13,5,12,6,11,5,,,,,6892.00,0.28,,,,6859.60,16:50:01,
2023-08-11 16:51:30.836930,df,,,MCX,253460,,,,,1691752890,7205,,,751,455,6892.00,6894.00,6891.00,6895.00,6890.00,6896.00,6889.00,6897.00,6888.00,6898.00,,10,10,4,13,8,28,10,13,12,5,,5,4,,5,13,7,,8,,,,,6893.00,0.29,,,,,16:51:30,
2023-08-11 16:51:53.917661,df,,,MCX,253460,,,,,1691752913,7208,,2,758,449,,,,,,,,,,,,8,,,20,,,,,,,,,,,,,,,,,,,,6894.00,0.31,,,,6859.81,16:51:53,
2023-08-11 16:52:03.682251,df,,,MCX,253460,,,,,1691752923,7210,6788,1,756,447,6894.00,,6893.00,,6892.00,,6891.00,,6890.00,,1,9,7,5,12,8,15,10,12,8,1,4,5,4,8,5,,6,9,5,,,,,6895.00,0.32,,,,6859.82,16:52:03,
2023-08-11 16:52:04.688180,df,,,MCX,253460,,,,,1691752924,7211,6787,,750,486,6892.00,6894.00,6891.00,6895.00,6890.00,6896.00,6889.00,6897.00,6888.00,6898.00,10,5,12,7,15,,26,31,13,11,6,3,8,4,9,5,15,8,10,7,,,,,6894.00,0.31,,,,,16:52:04,
2023-08-11 16:52:05.890441,df,,,MCX,253460,,,,,1691752925,7217,6786,,746,,,6895.00,,6896.00,,6897.00,,6898.00,,6899.00,2,18,,8,,9,10,10,,8,,7,,,,6,7,,,5,,,,,6893.00,0.29,,,,6859.85,,
2023-08-11 16:52:08.294951,df,,,MCX,253460,,,,,1691752928,7219,6788,2,,457,,,,,,,,,,,,10,,,,,,,,,,2,,,,,,,,,,,,,6894.00,0.31,,,,6859.86,16:52:08,
2023-08-11 16:52:25.337843,df,,,MCX,253460,,,,,1691752945,7223,6788,,753,446,,,,,,,,,,,,13,,,13,,15,,,,,5,,,9,,8,,,,,,,,6895.00,0.32,,,,6859.88,16:52:25,
2023-08-11 16:52:41.421636,df,,,MCX,253460,,,,,1691752961,7224,,,749,458,,,,,,,,,,,9,13,,,,,,,,,6,,,,,,,,,,,,,,6894.00,0.31,,,,,16:52:41,
2023-08-11 16:52:44.561264,df,,,MCX,253460,,,,,1691752964,7225,,,745,,,,,,,,,,,,6,,,,,,,,,,,,,,,,,,,,,,,,6892.00,0.28,,,,6859.89,16:52:44,
2023-08-11 16:52:53.298252,df,,,MCX,253460,,,,,1691752973,7226,,,733,471,,,,,,,,,,,7,8,10,,24,,,,13,,4,,7,,13,,,,12,,,,,,6893.00,0.29,,,,,16:52:53,
2023-08-11 16:52:56.383524,df,,,MCX,253460,,,,,1691752976,7227,,,735,,,6893.00,,6894.00,,6895.00,,6896.00,,6897.00,9,9,,,,,14,,,10,4,6,,,,,11,4,,7,,,,,6892.00,0.28,,,,6859.90,16:52:56,
2023-08-11 16:53:01.591464,df,,,MCX,253460,,,,,1691752981,7229,6787,,722,,6890.00,6891.00,6889.00,6892.00,6888.00,6893.00,6887.00,6894.00,6886.00,6895.00,3,1,23,15,12,10,15,40,10,8,2,1,12,,9,6,14,7,9,,,,,,6890.00,0.25,,,,,16:53:01,
2023-08-11 16:53:08.302003,df,,,MCX,253460,,,,,1691752988,7230,6786,,729,481,,6892.00,,6893.00,,6894.00,,6895.00,,6896.00,13,5,23,16,,11,13,12,,8,7,3,12,7,,6,12,7,,4,,,,,6891.00,0.26,,,,6859.91,16:53:08,
2023-08-11 16:53:14.407970,df,,,MCX,253460,,,,,1691752994,7232,6784,,712,522,,,,,,,,,,,1,11,14,9,8,44,,9,14,,1,4,8,4,7,9,9,5,13,,,,,,6890.00,0.25,,,,6859.92,16:53:14,
2023-08-11 16:53:50.666787,df,,,MCX,253460,,,,,1691753030,7234,,,729,476,,,,,,,,,,,5,12,,5,12,10,10,,,,3,5,,4,8,5,6,,,,,,,,6891.00,0.26,,,,6859.93,16:53:50,
2023-08-11 16:53:52.678442,df,,,MCX,253460,,,,,1691753032,7235,6785,,703,485,,6890.00,,6891.00,,6892.00,,6893.00,,6894.00,2,19,8,7,6,5,13,10,8,,2,8,4,5,5,,7,5,6,,,,,,6889.00,0.23,,,,,16:53:52,
2023-08-11 16:54:00.491109,df,,,MCX,253460,,,,,1691753040,7237,6787,,709,493,6887.00,,6886.00,,6885.00,,6884.00,,6883.00,,7,,10,,14,17,11,,13,,4,,6,,8,5,6,,10,,,,,,6888.00,0.22,,,,6859.94,16:54:00,
2023-08-11 16:54:00.898367,df,,,MCX,253460,,,,,1691753040,7238,6788,,708,486,,,,,,,,,,,6,,,,,,,8,,,3,,,,,,,4,,,,,,,6887.00,0.20,,,,,,
2023-08-11 16:54:13.930062,df,,,MCX,253460,,,,,1691753053,7241,6786,,716,481,,,,,,,,,,,11,1,12,17,14,7,11,,13,9,5,1,8,7,8,5,6,,10,4,,,,,6888.00,0.22,,,,,16:54:13,
2023-08-11 16:55:10.587494,df,,,MCX,253460,,,,,1691753110,7244,,,,,,,,,,,,,,,,,,,,,,,,,,,,,,,,,,,,,,,6887.00,0.20,,,,,16:55:10,
2023-08-11 16:55:10.808294,df,,,MCX,253460,,,,,1691753110,7245,6783,,,488,,,,,,,,,,,,2,,,,,,,,,,,,,,,,,,,,,,,6888.00,0.22,,,,6859.97,,
2023-08-11 16:55:16.997139,df,,,MCX,253460,,,,,1691753116,7248,6782,,715,479,6888.00,6890.00,6887.00,6891.00,6886.00,6892.00,6885.00,6893.00,6884.00,6894.00,3,16,10,7,11,,,10,,10,2,7,7,5,8,4,6,,8,5,,,,,6889.00,0.23,,,,6859.98,16:55:16,
2023-08-11 16:55:33.628382,df,,,MCX,253460,,,,,1691753133,7252,6785,,695,499,6887.00,6888.00,6886.00,6889.00,6885.00,6890.00,6884.00,6891.00,6883.00,6892.00,,9,4,20,9,8,9,6,15,,,6,3,8,6,5,7,,12,5,,,,,6887.00,0.20,,,,,16:55:33,
2023-08-11 16:55:42.373590,df,,,MCX,253460,,,,,1691753142,7257,6790,,,493,,,,,,,,,,,,16,,,,,,,,,,8,,,,,,,,,,,,,6888.00,0.22,,,,6860.01,16:55:42,
